2754 4656
551 202 771 313 -8'3-

66 432 163 491 tionis
183 428 321 510 indolem,
344 449 400 490 nec
420 437 521 504 nostra
544 432 670 489 interest
694 437 866 506 argumenta
890 429 997 506 partim
1017 427 1116 487 Stoica
1139 430 1245 505 partim

68 528 182 607 Cynica
211 531 318 606 partim
342 528 515 587 Academica
543 529 712 586 accuratius
739 528 919 606 examinare,
946 525 1055 604 quibus
1084 534 1187 592 auctor
1212 525 1245 584 ad

68 625 220 703 liquidum
248 625 396 685 deducere
425 625 526 685 studet
554 619 677 704 ‘pocae’
707 623 818 684 nullam
846 641 911 684 esse
939 625 1065 703 patriam
1093 619 1145 704 (cl.
1173 642 1198 682 c.
1218 619 1247 701 5,

70 720 139 783 600
150 720 199 802 E).

164 819 226 880 Nec
254 838 324 879 vero
350 838 409 880 uno
433 827 548 880 tantum
573 818 662 879 verbo
686 827 777 880 totam
800 819 876 879 banc
901 821 1105 897 quaestionem
1129 820 1246 877 missam

71 918 173 977 lacere
207 935 378 998 possumus,
411 936 478 976 nam
511 918 539 976 in
569 919 719 977 communi
747 919 959 977 commentario
988 936 1004 976 e
1033 935 1092 994 quo
1120 924 1247 994 uterque

72 1014 194 1074 libellus
221 1033 238 1075 a
267 1015 352 1075 nobis
382 1016 568 1093 percensitus
591 1014 705 1074 ellluxit
729 1017 817 1075 etiam
841 1014 877 1074 de
901 1013 987 1074 exilio
1012 1014 1166 1094 agebatur3
1195 1014 1247 1072 sed

71 1111 119 1173 ibi
146 1111 267 1172 exilium
290 1114 369 1172 inter
393 1107 505 1191 ‘mdccc
529 1107 764 1192 cvpaccaipacc'
787 1112 912 1172 relatum
937 1131 1002 1172 esse
1026 1107 1080 1172 ‘lle
1099 1111 1248 1190 tranquill.

72 1205 134 1270 an.'
159 1207 311 1271 c.18lin.
336 1210 469 1270 docetur.

58 1383 62 1388 ³
165 1309 204 1369 At
226 1310 297 1369 satis
320 1307 414 1367 babeo
439 1308 658 1368 demonstrasse
683 1309 810 1369 eundem
832 1310 1077 1368 commentarium
1098 1317 1127 1367 et
1146 1307 1248 1367 eadem

73 1405 258 1466 collectanea
281 1408 401 1484 utrique
421 1406 615 1485 disputationi
633 1407 757 1466 subesse
777 1414 951 1485 tantumque
970 1405 1083 1487 abesse,
1107 1414 1140 1465 ut
1158 1405 1248 1465 altera

21 1566 25 1571 ,
74 1502 207 1582 pendeat
230 1503 266 1563 ab
291 1505 391 1583 altera,
416 1512 449 1563 ut
472 1506 501 1563 in
526 1511 653 1583 utroque
677 1503 754 1564 libro
776 1504 979 1583 componendo
998 1503 1075 1563 Plut.
1095 1504 1249 1563 manifesto

73 1604 177 1680 ipsum
206 1602 317 1662 fontem
347 1602 454 1661 adierit
482 1601 616 1680 alterque
644 1621 680 1662 ex
708 1602 799 1662 altero
828 1603 982 1679 augendus
1010 1613 1040 1680 et
1068 1601 1250 1680 supplendus

75 1701 126 1760 sit.
163 1700 285 1759 Accedit
304 1700 381 1778 quod
403 1699 448 1758 vel
466 1702 671 1759 commentarii
689 1702 811 1777 genuini
830 1700 923 1758 lorma
941 1701 973 1758 in
993 1707 1120 1777 utroque
1140 1701 1250 1777 scripto

74 1805 193 1857 servata
218 1798 342 1857 videtur.
384 1797 416 1856 Ε.
436 1817 461 1875 g.
487 1796 650 1857 simillimas
674 1796 883 1857 similitudines
902 1808 932 1857 et
951 1792 1005 1856 ‘lle
1024 1795 1173 1874 tranquill.
1193 1791 1250 1856 an'

73 1903 108 1955 et
131 1890 185 1954 ‘ne
204 1890 303 1955 exilio'
332 1894 596 1975 deprehendimus3
625 1897 656 1954 in
685 1903 813 1973 utroque
837 1893 984 1954 volumine
1009 1896 1150 1972 sapientis
1175 1896 1250 1953 ratio

74 1993 208 2052 hominis
232 1994 326 2072 inepti
348 1995 447 2071 pravis
471 1993 638 2053 actionibus
662 2001 692 2052 ct
715 1991 944 2070 cogitationibus
968 1994 1136 2070 opponitur.

169 2091 305 2151 Attamen
329 2092 430 2169 negari
454 2092 557 2169 nequit
580 2091 692 2150 fontem
717 2092 890 2168 primarium
915 2092 945 2148 in
969 2089 1016 2149 bis
1040 2089 1155 2149 duabus
1174 2108 1251 2148 com-

77 2187 322 2248 nrentatiuncnlis
345 2188 502 2248 admodum
526 2188 732 2266 perturbatum
758 2206 831 2268 esse,
856 2197 885 2247 et
908 2189 939 2247 in
961 2187 1059 2248 libello
1080 2183 1133 2247 tlle
1152 2182 1251 2247 exilio'

76 2285 201 2364 quidem
235 2287 359 2345 maxime
392 2288 423 2345 in
457 2305 490 2344 ea
519 2295 602 2364 parte
632 2305 688 2364 qua
718 2304 856 2346 verorum
885 2295 915 2344 et
943 2286 1092 2370 fictorum,
1110 2284 1252 2344 malorum

76 2384 185 2444 divisio
205 2384 382 2444 continetur.
415 2383 448 2443 ln
468 2384 601 2443 eiusdem
621 2383 688 2443 libri
708 2385 813 2462 capitis
829 2380 849 2443 5
868 2384 953 2442 initio
972 2383 1103 2442 breviter
1122 2401 1155 2442 ea
1175 2401 1254 2442 oom-

74 2481 307 2561 prebenduntur
335 2499 409 2560 quae
440 2479 532 2541 multo
559 2481 654 2541 fusius
679 2488 868 2559 exponuntur
892 2475 945 2539 ‘De
965 2479 1114 2559 tranquill.
1133 2475 1191 2539 an'
1212 2478 1251 2540 17

77 2587 110 2638 et
130 2575 171 2639 18
187 2579 236 2638 lin.
273 2577 354 2648 Quae
378 2596 446 2638 cum
465 2580 504 2637 ita
525 2582 592 2657 sint,
617 2580 704 2638 etiam
724 2586 898 2656 argumento
917 2578 1003 2656 plane
1022 2577 1140 2637 aliunde
1160 2579 1253 2655 petito

78 2678 247 2736 certissime
271 2675 414 2754 probatur
437 2674 507 2734 libri
531 2672 583 2736 ‘lle
599 2676 747 2755 tranquill.
762 2672 820 2735 an.'
840 2693 906 2753 opp.
925 2674 962 2736 17
978 2683 1008 2735 et
1025 2673 1064 2736 18
1089 2677 1254 2735 arctissima

78 2771 301 2833 necessitudine
325 2775 403 2832 inter
427 2792 458 2833 se
478 2776 635 2833 coniuncta
655 2792 730 2853 esse,
754 2775 864 2852 quippe
884 2792 1010 2852 quorum
1030 2791 1144 2832 summa
1163 2772 1255 2832 libelli

80 2867 134 2930 ‘De
150 2865 250 2930 exilio'
265 2872 371 2949 capitis
386 2867 407 2930 5
422 2873 506 2931 initio
522 2873 718 2952 contineatur,
734 2873 778 2931 uti
791 2873 822 2930 in
838 2871 892 2930 bac
908 2890 939 2931 re
955 2871 1253 2931 commentatiuncula

80 2965 135 3028 ‘lle
155 2963 255 3028 exilio'
283 2969 405 3047 propius
434 2969 470 3028 ad
498 2987 684 3029 communem
714 2976 866 3029 auctorem
892 2970 1012 3029 accedat
1036 2986 1123 3047 quam
1147 2968 1254 3028 disser·
1353 3031 1355 3034 ,

79 3070 153 3126 tatio
178 3063 232 3126 ‘lle
253 3065 400 3143 tranquill.
421 3061 478 3126 an'
502 3069 654 3146 inscripta.

171 3163 232 3223 Nec
261 3165 384 3222 minoris
414 3166 555 3224 momenti
578 3171 623 3224 cst
651 3165 728 3242 qnod
754 3166 898 3225 amicitiae
923 3167 979 3244 vis,
1011 3165 1106 3243 quoad
1131 3164 1164 3223 ad
1191 3159 1255 3225 ‘sd—

73 3256 222 3341 ,dvpo‘cv'
242 3264 380 3340 pertinet,
399 3264 557 3340 inscripto
573 3258 625 3322 ‘be
641 3271 757 3340 tranqu.
773 3256 830 3321 an'
850 3264 1007 3340 perpaucis
1027 3270 1140 3321 tantum
1157 3261 1256 3321 verbis

81 3359 262 3439 illustratur,
295 3367 397 3418 contra
430 3362 462 3418 in
492 3359 567 3419 libro
597 3361 633 3420 de
663 3379 721 3438 quo
749 3361 863 3436 agimus
890 3359 977 3437 paulo
1007 3362 1175 3419 accuratius
1203 3378 1256 3438 per

85 3455 200 3535 singula
220 3457 420 3537 adumbratur,
440 3476 617 3536 quamquam
634 3457 709 3516 Plut.
730 3461 893 3518 amicorum
912 3457 1163 3516 consolationibus
1179 3457 1255 3516 baud

84 3555 212 3615 multum
235 3555 341 3615 tribuit
360 3563 390 3615 et
409 3555 577 3615 bominibus
597 3549 686 3615 ‘aab'
707 3550 838 3627 αὐτούς’
857 3555 931 3613 mala
950 3556 1125 3632 impugnare
1145 3554 1257 3633 suadet,

86 3671 144 3731 quo
169 3661 305 3731 spectant
329 3655 384 3712 tria
409 3653 463 3712 alia
488 3653 710 3732 tranquillitatis
734 3652 911 3712 adminicula
936 3670 1025 3729 supra
1049 3652 1181 3712 enodata.

175 3749 236 3809 lam
269 3749 405 3810 adnotavi
435 3750 677 3810 deliberationem
705 3750 740 3810 ad
770 3750 884 3809 diversa
914 3749 988 3809 mala
1016 3759 1197 3827 spectantem
1227 3752 1257 3809 in

86 3846 185 3907 libello
206 3843 258 3906 ‘be
279 3842 378 3907 exilio'
398 3865 457 3906 non
477 3851 646 3908 continuam
666 3855 790 3927 exstare,
810 3847 860 3906 sed
881 3846 1029 3925 capitibus
1046 3844 1141 3924 3—5,
1159 3845 1257 3909 6001)

86 3949 285 4023 interruptam
312 3963 378 4005 esse
406 3946 460 4005 alia
489 3944 535 4004 illa
565 3947 711 4005 sententia
740 3964 796 4024 qua
825 3945 996 4024 edocemur,
1025 3964 1084 4023 quo
1113 3946 1199 4005 modo
1228 3948 1257 4005 in

87 4044 172 4103 malis
200 4044 277 4103 lorte
305 4043 489 4120 gravioribus
518 4053 669 4103 versantes
693 4061 726 4102 ea
750 4043 835 4103 bonis
859 4042 995 4102 admixtis
1019 4050 1142 4102 tenuare
1165 4046 1258 4121 possi-

90 4160 163 4202 mus.
210 4139 335 4200 Easdem
361 4142 601 4201 ratiocinationes
625 4173 667 4182 -
691 4148 720 4201 at
742 4139 835 4201 multo
858 4140 1071 4218 pleniores-
1096 4141 1153 4199 iam
1177 4141 1257 4200 inda-

89 4241 220 4318 gavimus
244 4233 302 4298 ‘lle
326 4238 474 4317 tranquill.
499 4233 557 4299 an'
579 4236 614 4318 4,
638 4234 672 4318 5,
696 4236 730 4318 8,
755 4233 810 4319 14,
837 4235 889 4319 15,
918 4247 951 4298 ut
979 4240 1087 4297 iterum
1113 4236 1182 4297 libri
1205 4233 1259 4297 ‘lle

90 4331 189 4397 crilio'
222 4335 306 4396 brevi
339 4338 559 4416 compressione
588 4338 742 4396 evincatur
771 4369 810 4378 —
840 4335 870 4395 id
899 4336 976 4414 quod
1006 4353 1097 4413 supra
1123 4335 1196 4393 alias
1222 4335 1262 4391 ob

255 4449 257 4453 .
1028 4433 1065 4486 ἧς,
