2754 4656
594 263 835 328 „iao-

126 439 313 517 ’ἐλλείψεως
333 437 388 504 καὶ
408 439 627 524 ὑπερβολῆς
646 443 862 524 μεσότητας
881 442 994 517 οῦσας’
1015 440 1066 529 (ci.
1086 449 1175 507 etiam
1195 447 1303 507 ultima

87 533 91 542 ’
126 543 231 620 eapitis
255 534 368 624 verba).
403 601 406 610 ,

216 638 297 708 Quae
324 638 479 718 μεσότης,
513 657 569 717 qua
597 641 692 699 virtus
721 639 879 719 efficiatur,
908 643 938 699 in
967 639 1101 720 capited
1131 644 1304 701 accuratius

127 737 307 812 describitur
336 744 365 796 et
393 739 576 814 argumentis
600 738 671 796 satis
695 736 854 798 subtilibus
878 741 985 816 partim
1010 758 1043 798 ex
1069 739 1226 800 Aristotele
1251 759 1304 818 pe-

127 837 189 894 titis
212 833 387 894 illustratur.
425 833 456 893 E.
477 852 504 912 g.
528 833 738 912 comprobatur
761 834 913 895 harmonia
937 854 1089 912 sonorum,
1112 839 1142 896 in
1163 856 1219 915 qna
1240 857 1304 897 me-

126 933 173 991 dia
197 951 251 991 vox
275 932 392 990 infimae
411 933 535 991 nimium
555 950 678 992 acumen
699 940 729 992 et
748 950 879 992 summae
899 935 1018 993 nimiam
1039 936 1212 1012 gravitatem
1232 944 1305 1012 apte

126 1031 309 1107 coniungens
333 1029 462 1088 iucunde
486 1036 572 1089 sonat
595 1021 646 1112 (cl.
672 1024 724 1088 ‘ue
744 1029 817 1107 prol.
838 1031 868 1089 in
888 1027 965 1091 virt’
986 1029 1005 1092 3
1028 1039 1058 1091 et
1077 1027 1130 1091 ‘De
1151 1032 1303 1110 tranquill.

126 1123 184 1187 an'
205 1119 270 1208 15).
317 1125 490 1204 Sequuntur
525 1125 624 1186 verbaz
658 1119 798 1209 “(ἀρετὴ)
831 1124 868 1186 τὸ
897 1129 1024 1206 μᾶλλον
1051 1123 1106 1188 καὶ
1134 1127 1171 1189 τὸ
1199 1120 1304 1208 ἦττον

126 1219 276 1306 ἐξαιρεῖ
296 1228 353 1303 τῆς
376 1220 490 1304 ὁρμῆς,
514 1222 560 1296 είς
583 1221 619 1284 τὸ
643 1219 805 1303 μέτριον
828 1269 858 1284 ..
881 1228 1067 1286 καθιστᾶσα
1091 1234 1157 1286 τῶν
1178 1229 1305 1287 παθῶν

126 1318 285 1383 ἕκαστον.
336 1322 417 1382 ldem
445 1321 520 1382 Plut.
549 1322 691 1382 iudicium
721 1322 779 1382 sert
807 1341 831 1381 c.
851 1318 885 1402 9,
909 1319 1007 1382 449Β
1041 1319 1203 1402 <γίγνεται
1235 1322 1305 1401 γὰρ

126 1416 288 1489 εὐπάθεια
324 1425 384 1480 τοῦ
421 1421 583 1500 λογισμοῦ
618 1417 654 1480 τὸ
687 1415 796 1491 πάθος
828 1415 890 1479 οὐκ
922 1415 1184 1501 ἀναιροῦντος
1217 1417 1305 1481 ἀλλά

123 1522 442 1597 κοσμοῦντος
463 1513 499 1578 ἐν
522 1525 590 1590 τοῖς
613 1510 870 1596 σωφρονοῦσιν.’
908 1517 1091 1596 Cupiditates
1115 1527 1144 1578 et
1163 1518 1306 1577 libidines

127 1608 190 1698 (bb
210 1609 362 1697 ἀλογον’)
387 1634 510 1694 prorsus
530 1617 712 1675 necessarias
731 1621 760 1674 et
780 1614 969 1694 coercendae,
992 1634 1047 1675 nec
1068 1633 1137 1675 vero
1158 1615 1308 1675 tollendas

126 1731 191 1772 esse
216 1713 433 1773 Citacroncnsis
462 1714 637 1772 certissimis
665 1711 763 1771 verbis
787 1714 817 1772 in
842 1715 937 1789 capite
960 1709 999 1771 12
1025 1713 1221 1786 demonstrat,
1250 1712 1304 1772 uhi

124 1811 161 1871 cl.
183 1830 211 1895 p.-
225 1809 323 1871 4510
345 1805 532 1889 εσύμφυτον
551 1807 617 1889 ἐχει
635 1806 697 1888 τὴν
715 1814 775 1869 τοῦ
794 1805 926 1881 πάθους
943 1804 1048 1889 ἀρχὴν
1068 1854 1097 1869 ..
1117 1806 1306 1887 ἀναγκαίαν

127 1899 232 1968 οὖσαν
257 1901 330 1968 οὐδ’
353 1902 585 1986 ἀναιρετέον
608 1904 859 1968 παντάπασιν
879 1901 961 1967 ἀλλά
980 1906 1159 1987 θεραπείας
1178 1951 1208 1966 ..
1229 1905 1306 1967 deo·
1347 1964 1350 1969 .

127 1999 232 2085 μένην
257 2021 304 2065 ..’
332 2010 393 2065 τοῦ
416 2004 519 2083 λόγου
542 2002 579 2065 τὸ
603 2003 702 2084 ἔργον
727 1998 795 2064 ἐστὶ
815 2003 900 2066 ..τὸ
924 2001 1042 2082 άγριον
1065 2005 1224 2064 κολοῦσαι
1248 1998 1307 2065 καὶ

126 2098 292 2182 ἀφελεῖν
315 2100 376 2181 τὴν
400 2098 598 2182 ἀμετρίαν,
623 2093 693 2161 εἶτα
717 2145 745 2160 ..
769 2100 1052 2177 περιίστασθαι
1073 2099 1110 2162 τὸ
1129 2100 1307 2182 χρήσιμον.
1327 2094 1329 2098 ⁴

201 2197 276 2260 οὔτε
300 2196 409 2271 πάθος
433 2197 468 2260 οί
489 2196 635 2271 δεδιότες
657 2196 694 2258 τὸ
718 2195 913 2277 ταρακτικὸν
937 2195 1195 2279 ἀναιροῦσιν,
1219 2195 1306 2260 ἀλλά

124 2293 368 2376 κεραννύουσι.’
419 2296 460 2356 ut
490 2292 549 2357 451
565 2295 601 2355 i:
630 2284 716 2356 ὀἷον
744 2293 806 2375 γάρ
836 2291 872 2355 ἐν
900 2295 1065 2374 φθόγγοις
1093 2295 1236 2376 μουσικὴ
1264 2295 1306 2357 τὸ

126 2387 262 2474 ἐμμελὲς
293 2390 355 2454 οὐκ
382 2388 549 2474 ἀναιρέσει
578 2389 761 2473 βαρύτητος
789 2386 843 2452 καὶ
872 2387 1026 2472 ὀξύτητος
1055 2387 1171 2475 (eadem
1201 2395 1303 2454 simili-

125 2493 198 2553 tudo
221 2494 250 2551 in
276 2493 372 2569 capite
393 2488 412 2551 6
437 2498 545 2570 exstat3
569 2491 606 2549 cl.
631 2509 706 2569 quae
731 2508 820 2566 supra
842 2489 877 2548 de
898 2507 930 2549 ea
950 2485 1102 2573 disserui),
1126 2485 1162 2551 ἐν
1183 2484 1219 2552 ἀλ
1239 2489 1305 2553 σώ-

128 2601 229 2668 μασιν
258 2585 385 2668 ίατρικη
413 2586 450 2648 τὸ
479 2583 629 2665 ὑγιεινὸν
657 2584 698 2647 οὐ
727 2589 843 2668 φθορᾷ
868 2585 1072 2666 θερμότητος
1099 2582 1154 2648 καλ
1177 2588 1304 2668 ψυχρό-

125 2705 231 2765 τητος,
253 2682 335 2746 ἀλλά
355 2685 613 2766 συμμετρίαις
631 2679 687 2745 καὶ
704 2684 865 2762 ποσότησι
884 2687 1074 2763 κραθεισῶν
1089 2681 1304 2766 ἀπεργάζεται

127 2778 177 2867 (ef.
203 2785 239 2843 de
263 2783 317 2843 bac
342 2801 481 2843 sucorum
507 2785 715 2842 commixtione
738 2800 827 2860 supra
846 2800 874 2860 p.
890 2774 957 2864 94),
981 2789 1135 2843 τοιοῦτον
1155 2778 1191 2843 ἐν
1210 2788 1302 2863 ψυχῇ

125 2879 163 2941 τὸ
195 2888 315 2960 νικῶν,
348 2876 565 2960 ἐγγενομένης
591 2876 656 2941 ὑπὸ
685 2878 789 2957 λόγου
815 2887 887 2950 ταῖς
913 2882 1111 2959 παθητικαῖς
1140 2875 1303 2959 δυνάμεσι

126 2973 181 3039 καὶ
209 2977 380 3057 κινήσεσιν
406 2970 579 3050 ἐπιεικείας
602 2972 655 3038 καλ
679 2972 944 3057 μετριότητος’
969 2987 998 3036 et
1022 2976 1133 3037 452B:
1162 2974 1240 3038 ‘odor
1265 2971 1302 3038 db

126 3079 246 3136 παθῶν
274 3072 523 3136 παντάπασιν
552 3071 862 3154 ἀναιρεθέντων,
891 3073 922 3135 εί
947 3069 1002 3136 καὶ
1031 3073 1176 3137 δυνατόν
1200 3071 1305 3154 ἐστιν,

128 3169 164 3234 ἐν
188 3175 324 3246 πολλοῖς
347 3169 524 3254 ἀργότερος
548 3169 565 3233 ὁ
590 3171 688 3250 λόγος
709 3166 764 3232 καὶ
788 3167 1002 3253 ἀμβλύτερος,
1029 3169 1136 3250 ὥσπερ
1160 3173 1301 3253 κυβερ-

126 3271 244 3351 νητης
264 3265 314 3354 (ci.
336 3289 424 3350 supra
444 3290 472 3349 p.
488 3268 530 3331 66
546 3279 576 3330 et
593 3267 656 3331 110
675 3270 711 3329 de
728 3271 782 3329 hac
798 3271 990 3330 similitudine
1006 3273 1077 3331 satis
1092 3264 1305 3351 memorabili),

128 3366 314 3448 πνεύματος
333 3364 561 3440 ἐπιλιπόντος.’
599 3368 641 3429 Cl.
661 3370 748 3428 etiam
768 3387 795 3446 p.
810 3364 908 3428 4520
928 3368 1003 3427 med.
1042 3367 1114 3451 Tota
1134 3369 1206 3428 baec
1225 3371 1306 3428 ratio

127 3485 237 3544 corpus
270 3478 299 3526 et
327 3469 459 3528 animum
487 3468 566 3525 inter
594 3484 625 3524 se
654 3465 827 3524 conserendi
853 3467 908 3524 iam
938 3468 1009 3524 satis
1037 3483 1185 3544 superque
1215 3465 1305 3525 nobis

127 3573 195 3624 nota
220 3573 272 3624 cst.
319 3564 351 3623 E.
372 3583 397 3642 g.
422 3565 486 3641 pari
510 3563 597 3621 modo
621 3557 651 3622 ‘d
675 3559 843 3642 λογισμός’
868 3581 935 3621 cnm
959 3563 1088 3642 medico,
1117 3566 1167 3640 qni
1191 3582 1303 3642 corpus

128 3681 231 3723 sanum
252 3662 358 3742 reddit,
378 3668 566 3737 comparatur
586 3656 639 3718 ‘lle
654 3660 803 3738 tranquill.
820 3656 877 3718 an'
897 3658 976 3720 3sm.
997 3671 1026 3720 et
1044 3659 1147 3738 4init.,
1167 3679 1301 3720 necnon

128 3779 214 3838 quam
248 3762 373 3819 maxime
402 3776 470 3817 cnm
499 3758 571 3816 locis
600 3775 674 3834 quos
703 3775 792 3837 supra
821 3759 1034 3835 exscripsimus
1063 3759 1214 3835 conspirat
1243 3753 1304 3817 ‘Ile

128 3861 193 3917 virt.
213 3864 243 3916 et
262 3851 323 3917 rit'
348 3875 372 3916 c.
392 3854 413 3914 4
438 3848 489 3937 (cl.
514 3873 604 3932 supra
628 3873 655 3932 p.
675 3852 718 3915 94
729 3848 797 3936 sq).

217 3954 348 4013 Eandem
374 3961 494 4012 secutus
519 3953 682 4012 doctrinam
703 3951 779 4011 Plut.
804 3954 891 4011 etiam
911 3949 964 4010 ‘lle
984 3953 1058 4029 proi.
1078 3955 1107 4011 in
1128 3948 1189 4012 vit'
1209 3971 1233 4012 c.
1251 3950 1306 4031 13,

129 4051 202 4114 att
234 4053 354 4129 exponit
383 4049 520 4109 libidines
544 4053 657 4110 ratione
682 4068 741 4108 non
766 4061 822 4108 tam
848 4051 996 4127 exstingui
1020 4067 1107 4128 qnam
1132 4050 1167 4109 ad
1190 4050 1302 4109 medio-

129 4152 263 4210 critatem
288 4148 391 4207 reduci
414 4157 443 4207 et
462 4149 594 4206 coerceri
614 4146 725 4225 deberi,
750 4146 851 4205 cadem
871 4146 1064 4206 similitudine
1084 4166 1098 4206 a
1119 4146 1179 4233 lyra
1200 4150 1304 4225 petita.

128 4245 205 4306 Dicit
229 4249 306 4305 enim
331 4245 387 4304 lroc
411 4244 488 4305 loco:
513 4239 543 4322 ‘b
563 4243 660 4304 κακία
678 4250 745 4304 τῶν
763 4242 1019 4322 προκοπτόντων
1038 4242 1145 4304 ἔοικεν
1164 4242 1211 4315 είς
1231 4239 1301 4305 ἐπι-

121 4337 294 4418 εικεῦτερα
306 4338 402 4421 πάθη
413 4337 641 4422 μεθισταμένη
656 4338 736 4401 κατά
751 4339 869 4421 μικρὸν
883 4336 1128 4418 ἐξαλείφεσθαι·
1146 4386 1188 4400 ...
1203 4336 1303 4420 ἡμῶν
