2754 4656
576 264 813 327 -102-

107 444 333 536 (φρονήσεως)
362 444 501 528 βαρύνει
529 441 584 508 καὶ
611 441 820 525 καταισχύνει
843 439 911 503 τὸν
933 435 1184 522 κεκτημένον
1226 433 1281 495 scil.

107 549 323 630 qualecumque
353 546 464 606 honum
494 548 520 605 ei
550 545 683 622 contigit.
729 542 788 602 lam
817 542 853 602 cl.
877 536 930 600 ‘lle
950 542 1015 600 virt.
1035 550 1065 600 et
1084 534 1156 600 vit’:
1183 529 1233 614 ’ἡ
1258 523 1286 593 dl
1353 550 1369 612 p

107 646 204 709 κακία
232 640 287 706 καὶ
315 642 355 705 τὰ
384 640 517 723 λαμπρὰ
544 640 730 722 φαινόμενα
759 633 814 700 καὶ
838 638 1000 717 πολυτελῆ
1024 631 1079 698 καὶ
1102 632 1207 716 σεμνὰ
1250 651 1289 711 με
1355 628 1372 688 ll

108 739 258 824 γνυμένη
282 738 414 821 λυπηρὰ
438 734 492 801 καὶ
515 735 683 817 ναυτιώδη
705 730 760 798 καὶ
779 733 1028 817 δυσπρόσδεκτα
1046 729 1180 816 παρέχει
1196 750 1232 793 ι’
1245 735 1292 802 οῖς
1356 730 1373 801 tt

108 834 390 921 κεκτημένοις’,
419 847 453 898 ut
480 841 511 898 in
538 845 663 914 utraque
688 832 985 895 commentatiuncula
1009 833 1111 893 eadem
1135 829 1293 893 sententia
1360 822 1371 879 t

109 938 284 1019 parimodo
309 937 485 997 illustretur.
528 933 669 1012 Sequitur
694 950 797 992 versus
822 930 899 992 illius
922 923 1199 1013 desiniemus.
1227 918 1294 1005 86),
1369 959 1370 962 =

110 1057 168 1118 quo
189 1035 384 1096 Prometheus
403 1032 611 1113 Epimetheum
630 1031 768 1090 admonet
788 1047 824 1089 ne
843 1028 919 1088 lovis
938 1028 1014 1088 dona
1035 1030 1170 1107 accipiat,
1189 1029 1295 1087 inter·
1366 1012 1377 1054 t

110 1128 271 1216 pretattol)
296 1143 326 1192 et
350 1133 524 1192 reseruntur
547 1129 667 1209 quidem
691 1128 739 1188 illa
763 1127 837 1187 dona
862 1126 898 1186 ad
922 1122 982 1186 ‘cd
1004 1121 1152 1207 τυχηρὰ
1169 1116 1242 1185 καὶ
1262 1114 1297 1178 τὰ
1370 1122 1376 1159 ¹

109 1228 214 1305 ἐκτός’
242 1224 295 1314 (cl.
320 1227 373 1290 ‘lle
394 1228 543 1307 tranquill.
565 1223 623 1287 an.'
647 1246 672 1286 c.
694 1222 744 1306 16,
764 1222 862 1285 4741)
891 1220 973 1284 ‘cmv
1000 1217 1221 1304 τυχηρῶν’).
1259 1244 1299 1258 ⁶

110 1330 221 1390 Deinde
251 1331 411 1407 exponitur
439 1345 494 1386 nos
523 1324 596 1386 nihil
625 1341 749 1402 usquam
778 1324 807 1381 in
836 1321 893 1380 ulla
923 1328 985 1381 arte
1013 1320 1159 1399 prolicere
1186 1328 1306 1398 posse,

110 1430 168 1488 nisi
192 1430 220 1486 iu
246 1445 279 1485 ea
303 1444 357 1504 per
381 1426 500 1503 longum
526 1424 668 1502 temporis
688 1422 814 1499 spatium
834 1419 988 1478 exercitati
1007 1420 1110 1497 simus,
1132 1425 1164 1477 et
1181 1413 1309 1477 finitur

111 1535 170 1585 tota
199 1521 451 1601 disputatiuncula
480 1520 687 1581 Demosthenis
715 1520 868 1578 enuntiato
897 1515 1022 1594 quodam
1049 1509 1147 1596 (Orat.
1165 1500 1314 1593 olynth-

111 1615 209 1705 123),
234 1621 312 1700 quod
337 1620 414 1680 Plut.
439 1638 473 1679 ex
498 1617 687 1679 collectaneis
706 1618 768 1676 suis
788 1617 928 1694 petivisse
948 1612 1073 1693 ridetur,
1096 1613 1203 1672 iterum
1236 1612 1321 1666 nou

112 1728 170 1779 tam
196 1728 262 1797 apte
287 1718 322 1777 ad
347 1727 477 1778 extrema
503 1715 590 1775 verba
615 1714 818 1776 antecedentia
842 1703 998 1794 adnero.³)

585 2015 742 2088 OAPVT
771 2015 836 2089 V..

296 2156 339 2219 De
362 2153 475 2218 libello
500 2154 557 2218 ‘El
578 2155 736 2219 διδακτὸν
758 2153 779 2235 ἡ
803 2151 919 2236 ἀρετή’
941 2152 1108 2236 inscripta

201 2318 244 2377 Ex
274 2318 385 2378 eisdem
417 2319 638 2377 commentariis
667 2326 756 2396 atque
785 2319 993 2377 commentatio
1017 2313 1070 2377 ‘De
1090 2312 1223 2378 fortuna'
1260 2305 1340 2366 5¹¹·

113 2419 224 2495 scripta
254 2434 322 2494 pars
352 2415 495 2495 quaedam
526 2415 641 2475 elllurit
668 2415 783 2494 parvuli
811 2414 913 2495 lihelli,
946 2417 995 2474 cui
1024 2415 1129 2475 titulus
1157 2424 1204 2476 est
1237 2398 1340 2467 ‘5¹¹

113 2518 207 2574 virtus
228 2514 328 2574 doceri
350 2506 501 2596 possit'³);
521 2530 588 2571 nam
611 2523 643 2572 ut
662 2511 704 2572 ihi
718 2513 794 2573 Plut.
808 2515 839 2572 iu
858 2515 1030 2572 universum
1045 2496 1343 2591 comprobaverat

111 2611 356 2690 qualemcumque
382 2619 476 2669 artem
501 2627 555 2669 nos
579 2609 694 2668 discere
719 2609 837 2689 dehere,
861 2627 929 2670 cum
954 2608 1026 2669 nihil
1047 2629 1117 2670 casu
1137 2609 1224 2672 nobis
1241 2623 1258 2666 a
1276 2599 1344 2645 4)·

111 2710 198 2789 cidat,
223 2711 266 2768 sic
290 2711 320 2767 in
344 2706 400 2766 hoc
426 2706 524 2765 libello
548 2706 584 2765 de
610 2708 718 2766 virtute
742 2707 818 2766 idem
839 2715 975 2767 constare
994 2707 1189 2769 demonstrat.
1234 2693 1351 2780 iffi,

112 2806 189 2866 cedit
219 2805 298 2884 quod
328 2807 357 2863 in
382 2812 509 2881 utraque
534 2804 743 2864 dissertatione
767 2823 855 2883 quam
880 2802 1138 2866 vehementissime
1162 2824 1214 2866 eos
1234 2786 1356 2882 qr'su

112 2903 249 2962 fortunae
274 2900 384 2977 aliquid
409 2900 548 2960 trihuunt
571 2903 755 2980 perstringit.

203 2998 284 3068 Quae
309 2999 475 3056 sententiae
498 2999 529 3056 in
554 3016 578 3056 c.
601 2995 618 3058 1
644 3017 679 3058 eo
703 2998 903 3079 stabiliuntur,
927 3009 960 3059 ut
983 2999 1060 3060 Plut.
1084 3000 1212 3079 explicet
1232 2974 1361 3060 nob

112 3091 266 3167 ‘uditate
295 3087 350 3154 καὶ
379 3089 552 3174 ὀρχεῖσθαι
580 3089 634 3155 καὶ
663 3091 923 3174 ἀναγιγνώσκειν
952 3093 1126 3177 γράμματα
1153 3091 1209 3159 καὶ
1233 3100 1340 3177 pes
1354 3077 1374 3105 ⁶

114 3199 236 3271 υρχεῑν
254 3185 310 3252 καλ
331 3187 493 3252 ἱππεύειν
514 3210 568 3251 nec
589 3210 647 3251 non
667 3188 891 3271 ‘duodrtoltotq
912 3190 1184 3275 περιβάλλεσθαι,
1203 3190 1352 3257 tuis

203 3396 229 3464 1)
249 3393 356 3449 Similis
376 3398 471 3450 exstat
488 3396 572 3450 huius
590 3415 687 3451 versus
706 3398 904 3468 interpretatio
922 3399 952 3452 in
971 3398 1219 3455 commentationis
1234 3400 1284 3456 ‘De
1339 3381 1369 3414 ἰ

112 3475 186 3542 poet.
202 3472 277 3526 aud.'
298 3473 449 3543 inscriptae
467 3475 644 3545 neptali.
674 3476 715 3532 Cf.
731 3477 867 3534 Giesecke
881 3496 908 3546 p.
921 3483 980 3532 109.
1009 3479 1151 3535 Schlemm
1166 3496 1195 3549 p.
1206 3483 1283 3551 ὁδου.
1347 3482 1368 3501 ‘

112 3559 176 3621 100,
206 3552 255 3621 qui
284 3554 337 3606 hoc
364 3556 647 3625 interpretamentum
673 3556 709 3610 ad
733 3559 871 3613 Zenonem
896 3561 1018 3613 revocat.
1059 3557 1190 3615 Ceterum
1213 3576 1285 3616 eom·

113 3647 269 3686 memorare
288 3632 357 3687 licet
374 3634 426 3688 hos
446 3636 516 3689 duos
534 3633 647 3690 libellos
668 3635 733 3705 (‘De
748 3637 873 3691 fortuna'
895 3640 924 3692 et
939 3637 992 3692 ‘De
1006 3638 1099 3707 poetis
1113 3639 1286 3712 audiendis’)
1375 3623 1377 3644 ⁴

111 3711 194 3766 valde
222 3711 295 3764 inter
322 3729 351 3766 ae
375 3714 473 3768 affines
497 3731 564 3768 esse.
607 3716 648 3769 De
672 3715 764 3784 mythi
787 3717 948 3772 Promethei
972 3718 1173 3794 explicatione,
1202 3737 1285 3790 quam

113 3788 216 3844 Stoicis
237 3790 449 3859 vindicavimus,
469 3793 504 3847 cf.
525 3792 612 3847 etiam
631 3795 804 3850 Duemmleri
822 3796 992 3852 Academica
1008 3815 1036 3867 p.
1051 3804 1113 3853 212.
1146 3799 1286 3856 Schlemm

111 3873 344 3939 pffimfflm

176 3950 229 4080 tht)
248 3947 288 4002 cf.
309 3949 450 4004 Schlemm
473 3970 499 4020 p.
517 3956 569 4005 100
592 3954 638 4020 (cf.
657 3952 726 4009 ibid.
745 3973 772 4023 p.
788 3961 821 4009 92
833 3975 873 4026 sq.
894 3956 927 4009 de
946 3955 1093 4011 Plutarchi
1112 3956 1215 4013 ameria
1234 3957 1286 4015 De·

115 4043 174 4081 moe
201 4028 356 4174 Βῖῃδδδδδωα
379 4106 461 4162 huius
485 4108 586 4177 capitis
607 4111 694 4165 verba
711 4113 785 4167 male
806 4117 1032 4184 corruptarum,
1056 4133 1120 4172 cum
1138 4134 1285 4188 perperam

112 4187 276 4254 repetantur
298 4185 384 4240 verba
408 4183 456 4241 ‘cd
480 4182 608 4257 εὐτυχεῖν
631 4185 710 4258 παρὰ
733 4188 785 4258 τὴν
809 4187 915 4257 ἅξίαν’.
955 4193 1030 4250 Inter
1053 4214 1083 4251 se
1107 4200 1285 4268 opponuntur

114 4263 220 4326 ’κακῶς
243 4266 373 4333 φρονεῖν’
399 4268 428 4320 et
453 4267 558 4329 ’κακῶς
580 4267 738 4337 πράττειν’,
762 4271 803 4324 uti
826 4276 891 4341 post
914 4291 1012 4330 vocem
1038 4272 1133 4331 ‘ditat’
1155 4279 1284 4334 voculam

110 4343 190 4393 'nal'
203 4343 313 4397 addere
332 4345 363 4398 et
376 4344 510 4416 proxima
529 4347 618 4403 verba
635 4347 709 4404 falso
728 4348 834 4406 iterata
852 4352 947 4407 delere
963 4354 1155 4409 necessarium
1169 4357 1218 4411 sit
