2754 4656
580 269 886 336 --71--Ι

101 448 203 531 φύσει
227 447 410 532 ἆβούλητα’
433 462 672 533 aggressusest,
697 454 900 514 demonstrare
924 456 1048 515 studens
1073 475 1108 515 ne
1133 456 1185 516 has
1209 460 1272 535 qui-

103 550 171 608 dem
196 568 266 609 sane
290 568 374 610 veras
398 551 578 611 calamitates
602 551 772 612 ullomodo
797 554 923 629 sapienti
947 570 1055 613 nocere
1074 571 1170 631 posse,
1195 537 1272 632 quod

102 655 136 707 ut
170 646 343 727 comprobet
376 650 430 707 tria
464 649 610 708 eiusmodi
642 650 786 710 malorum
819 651 948 710 remedia
981 649 1114 711 attulisse
1148 651 1272 730 videtur,

102 764 231 824 quorum
265 748 388 805 minoris
421 749 560 807 momenti
595 747 625 807 id
653 755 699 808 est
731 747 809 827 quod
838 767 864 808 c.
885 745 939 828 17,
958 745 1056 809 tint
1085 749 1276 830 describitur,

102 843 182 903 uude
206 846 368 922 accipimus
391 844 425 903 ad
451 848 616 922 corporis
641 845 825 905 incommoda
850 845 969 905 levanda
993 845 1153 925 plurimum
1175 846 1273 906 valere

101 941 249 1001 modicam
272 944 348 1001 vitae
372 944 528 1021 victusque
552 944 812 1023 consuetudinem3
836 952 937 1004 contra
961 943 1054 1003 multo
1074 942 1167 1022 pluris
1187 947 1272 1004 aesti-

101 1039 225 1098 mandae
251 1047 320 1099 sunt
343 1041 418 1100 dirae
442 1039 514 1099 allae
539 1040 701 1100 medicinae
726 1040 834 1119 quibus
858 1042 964 1100 animi
988 1041 1103 1101 labores
1122 1050 1273 1122 sanantur,

101 1156 227 1217 quarum
252 1139 345 1216 prima
370 1146 415 1198 est
438 1147 519 1198 recta
542 1147 665 1198 naturae
689 1138 787 1216 legum
811 1141 939 1216 cognitio
964 1132 1003 1221 (c.
1021 1133 1085 1223 17),
1110 1158 1167 1218 quo
1192 1157 1273 1218 3333-
1321 1178 1324 1186 ·

100 1242 165 1294 tant
194 1237 282 1295 etiam
311 1253 344 1294 ea
369 1254 443 1313 quae
467 1255 492 1297 c.
514 1234 553 1296 17
579 1243 608 1295 et
632 1255 656 1295 c.
678 1231 732 1297 181
756 1235 792 1295 de
817 1238 921 1296 mortis
945 1239 1050 1297 timore
1072 1238 1273 1317 disseruntur3

100 1332 226 1392 alterum
256 1340 353 1392 autem
383 1333 605 1411 tranquillitatis
629 1342 732 1394 contra
757 1333 891 1394 fortunae
911 1321 1037 1394 'insidias
1061 1335 1272 1395 adminiculum

101 1429 257 1489 laudabilia
277 1438 346 1490 suut
365 1430 495 1490 facinora
517 1449 591 1510 quae
612 1450 645 1490 ex
667 1434 776 1491 virtute
797 1434 1036 1510 conscientiaque
1056 1432 1132 1492 bona
1148 1432 1274 1492 31113331

100 1520 140 1609 (c.
163 1524 213 1605 17,
232 1524 361 1588 47511Ε
386 1538 415 1588 31
439 1531 597 1607 praecipue
621 1547 645 1589 c.
667 1526 717 1609 19,
735 1526 800 1589 477
811 1523 887 1612 ΑΒ).

190 1625 234 1684 Ex
262 1626 368 1686 horum
396 1627 522 1687 duorum
546 1629 674 1686 triumve
698 1627 896 1686 remediorum
921 1629 1046 1705 sapienti
1071 1635 1100 1687 31
1123 1635 1190 1706 3313
1214 1647 1270 1688 usu

100 1724 184 1782 luror
203 1723 320 1783 divinus
340 1725 436 1784 oritur
455 1716 495 1805 (c.
514 1721 552 1784 19
564 1717 640 1806 tiu.);
660 1742 719 1802 quo
739 1723 852 1785 accedit
871 1743 896 1785 c.
910 1723 958 1804 18,
969 1722 1033 1786 476
1045 1725 1075 1806 C,
1095 1725 1147 1786 ubi
1161 1728 1269 1787 iterum

99 1821 320 1881 enthusiasmus
353 1820 522 1881 celebratur
554 1821 749 1901 hominesque
779 1822 988 1902 admonentur,
1022 1841 1057 1882 uc
1087 1824 1156 1901 quid
1187 1842 1270 1901 prae·

98 1929 255 1997 ceptorum
280 1921 309 1978 in
331 1918 481 1998 prioribus
501 1919 648 1997 capitibus
668 1919 837 1997 singillatim
857 1919 1104 1998 perlustratorum
1125 1924 1270 1982 omittant.

99 2017 162 2087 Qua
192 2018 417 2078 ratiocinatione
446 2016 514 2076 libri
543 2036 601 2095 quo
625 2016 701 2079 Plut.
730 2017 765 2076 ad
793 2036 874 2077 suam
899 2020 1176 2078 commentationem
1200 2038 1269 2079 con-

99 2114 288 2175 scribendam
313 2114 463 2175 nitebatur
487 2115 554 2174 fiuis
578 2117 641 2175 sine
666 2114 755 2175 dubio
780 2114 972 2175 alliciebatur.

188 2212 226 2271 ht
249 2213 349 2272 existit
372 2202 512 2271 nimirum
538 2214 671 2290 quaestio
696 2232 750 2273 cur
768 2211 985 2272 Chaeroneusis
1009 2222 1159 2274 auctorem
1182 2233 1268 2274 suum

98 2318 157 2370 tam
187 2309 332 2369 violenter
359 2309 527 2369 dilacerarit
556 2319 585 2369 et
613 2313 774 2388 genuinum
801 2313 1013 2371 sententiarum
1039 2312 1172 2371 ordinem
1197 2313 1269 2372 adeo

97 2406 290 2485 perturbarit.
332 2406 415 2476 Quod
441 2414 474 2467 ut
498 2407 585 2467 laciat
603 2407 678 2468 Plut.
701 2417 852 2487 permotus
876 2426 942 2468 3333
967 2409 1083 2469 videtur
1106 2412 1212 2489 causis,
1236 2419 1270 2470 ut

96 2507 136 2564 ita
162 2504 266 2583 dicam,
290 2504 460 2584 rhetoricis;
484 2507 608 2582 egio
633 2503 798 2584 333111318
823 2505 914 2565 311333
938 2512 1021 2584 33313
1046 2508 1137 2565 131133
1160 2506 1268 2566 disser-

96 2603 218 2662 tationis
247 2621 333 2680 quam
358 2605 494 2681 sequitur
517 2602 671 2662 exordium
695 2604 842 2681 antecepit
867 2621 925 2680 quo
950 2621 1003 2662 nos
1027 2602 1172 2682 hortatur,
1196 2612 1229 2664 ut
1253 2623 1267 2664 a

98 2698 265 2759 minoribus
298 2699 332 2758 ad
367 2701 475 2759 maiora
504 2700 743 2780 progrediamur,
771 2709 801 2759 at
828 2702 926 2759 statim
956 2703 1078 2779 opponit
1106 2701 1176 2761 huic
1205 2720 1270 2761 sen·

98 2798 209 2856 tentiae
238 2799 429 2876 contrariam,
457 2816 524 2856 eum
554 2800 758 2875 perstringens
783 2799 833 2876 qui
857 2815 976 2876 semper
999 2798 1101 2858 haeret
1125 2801 1154 2858 in
1179 2799 1269 2859 rebus

98 2894 205 2972 lepidis
229 2893 411 2975 levibusque,
435 2896 544 2954 maiora
569 2903 599 2954 et
622 2897 756 2973 graviora
776 2896 857 2954 adire
877 2913 936 2954 non
955 2896 1052 2955 audet.
1090 2895 1150 2956 Nec
1170 2899 1268 2956 minus

98 2992 256 3052 manilesto
279 2991 470 3052 Plutarchum
496 2992 645 3052 rhetorem
670 3000 700 3052 et
723 2987 904 3073 ῥητορικῶς
928 2995 1079 3054 materiem
1104 3013 1187 3054 suam
1211 2995 1268 3054 dis-

96 3098 256 3167 ponentem
286 3089 496 3169 dcpreudimus
524 3091 555 3150 in
584 3091 678 3168 capite
706 3088 758 3170 19,
788 3089 838 3150 ubi
866 3091 939 3150 duas
968 3100 1067 3170 partes
1090 3091 1176 3171 plane
1201 3110 1269 3151 cou-

95 3189 205 3246 trarias
224 3205 283 3248 uno
302 3206 390 3248 versu
410 3187 597 3265 Menandreo‚
617 3189 716 3266 quiin
737 3190 830 3265 prima
850 3196 934 3265 parte
954 3190 1109 3268 refutatur,
1128 3191 1159 3248 in
1177 3189 1267 3249 altera

96 3284 321 3366 comprobatur,
345 3285 543 3363 conglutinari
564 3292 656 3363 supra
681 3287 894 3363 perspeximus.

186 3381 246 3442 lam
265 3382 463 3461 intellegimus
483 3401 537 3442 cur
551 3382 627 3442 Plut.
643 3385 772 3442 auctoris
788 3384 834 3442 sui
849 3383 1003 3443 exordium
1018 3377 1267 3464 ἐνθουσιασμόν

95 3480 269 3559 praedicans
293 3480 481 3560 mutilaverit,
505 3498 573 3540 eum
596 3481 671 3539 duae
690 3498 796 3540 causae
815 3479 880 3539 illae
901 3479 1065 3540 rhetoricae
1085 3500 1158 3559 quas
1177 3484 1267 3560 sigui-

95 3579 181 3638 ticari
212 3581 243 3636 13
271 3577 327 3637 hoc
356 3596 447 3637 tinum
477 3580 677 3637 convenerint.
729 3577 843 3647 Quibus
871 3579 968 3637 causis
996 3587 1149 3656 permotus
1177 3598 1201 3638 c.
1224 3577 1264 3641 18

93 3677 143 3735 113.
170 3683 200 3735 31
222 3694 246 3735 3.
270 3672 308 3734 19
324 3677 388 3734 1311.
413 3694 487 3755 quae
512 3677 695 3754 ingenuino
719 3677 931 3735 commentario
955 3678 1033 3735 inter
1057 3678 1151 3754 capita
1173 3675 1214 3737 16
1236 3684 1265 3737 31

94 3771 134 3834 17
165 3772 263 3834 locum
292 3772 432 3833 tenebant
459 3775 490 3832 iu
518 3772 589 3833 illud
619 3773 772 3832 exordium
797 3774 931 3853 intrusit,
959 3771 1194 3834 3111333316
1219 3792 1264 3834 33-

90 3874 152 3950 3113
179 3868 218 3931 17
249 3872 419 3948 excipiatur.
466 3869 544 3930 llaec
573 3873 670 3929 omnia
699 3889 774 3948 quae
803 3873 927 3948 exposui
954 3872 980 3930 31
1008 3872 1118 3949 accipis
1142 3878 1172 3931 31
1195 3890 1263 3931 con·

89 3969 173 4030 cedis
199 3967 405 4049 Plutarchum,
439 3986 506 4028 cum
535 3986 594 4027 nou
623 3967 718 4027 solum
748 3967 941 4046 philosophus
970 3968 1020 4028 sed
1046 3970 1132 4027 etiam
1161 3968 1263 4029 rhetor

91 4067 191 4146 luerit,
215 4068 286 4125 satis
311 4064 401 4126 libere
424 4067 644 4125 commentariis
663 4064 720 4124 illis
740 4083 866 4142 quorum
887 4066 1066 4124 mentionem
1086 4066 1155 4125 lacit
1175 4065 1261 4126 usum

91 4182 166 4246 3333,
188 4163 266 4224 haud
286 4161 390 4223 inutile
409 4162 465 4223 hoc
483 4165 537 4222 erit
559 4162 594 4222 ad
614 4170 704 4223 totam
725 4162 873 4223 scribendi
893 4165 1037 4223 rationem
1056 4162 1260 4223 Plutarcheam

90 4260 325 4342 cognoscendam
354 4267 384 4319 et
411 4260 446 4319 ad
476 4260 643 4320 solvendam
670 4262 885 4340 quaestionem,
914 4279 971 4339 qua
1000 4264 1112 4321 ratione
1137 4271 1165 4322 et
1190 4256 1261 4337 quo·

88 4379 186 4439 usque
210 4365 346 4419 auctores
370 4376 440 4418 suos
463 4361 648 4438 expresserit
670 4367 701 4422 et
721 4355 1293 4428 1333331113331333333333»,3333
