2754 4656
600 188 949 293 -118-¹

134 431 159 472 c.
180 411 208 492 1,
229 408 324 473 1000
348 418 379 471 et
401 429 426 471 c.
445 408 553 491 linit,
578 405 632 470 ‘lle
652 404 782 470 fortuna’
801 427 826 469 c.
846 404 876 489 5,
891 405 983 490 9913,
1006 404 1059 468 ‘lie
1078 406 1230 487 tranquill.
1251 401 1310 466 an?

134 528 159 569 c.
180 505 230 589 19,
248 506 349 570 titt
372 527 408 568 ex
432 527 491 569 rino
515 492 678 587 eodemque
703 508 914 567 commentario
938 508 1112 585 deprompta
1130 524 1196 566 esse
1217 523 1313 584 supra

135 607 220 667 nobis
248 609 463 686 persuasimus,
492 606 647 684 eidemque
677 607 888 665 commentario
919 606 990 684 quin
1020 600 1080 664 ‘dn
1099 599 1208 664 vitios'
1233 622 1258 663 e.
1281 601 1313 682 3,

134 701 261 765 49900
294 704 382 764 verba
411 695 493 764 ‘otta'
523 699 555 778 ἐξ
584 698 710 775 οὐσίας’
739 720 834 781 usque
863 702 897 762 ad
929 697 1083 784 ‘ericqcr
1113 695 1168 762 καὶ
1197 695 1312 779 ὃόξης’

135 802 309 879 assignanda
339 805 399 861 sint
426 821 461 860 eo
486 803 586 861 minus
610 799 746 861 dubitare
769 818 943 879 possumus,
972 800 1051 878 quod
1074 799 1138 859 loeo
1163 817 1223 878 quo
1249 817 1314 858 ser-

136 908 200 960 vata
228 908 298 960 sunt
324 901 539 959 sententiarum
564 916 671 958 nexum
696 897 769 957 male
793 897 982 978 perturbant,
1011 915 1079 958 cum
1102 899 1131 956 in
1156 895 1313 975 prioribus

31 1066 35 1073 ⁴
136 1009 165 1058 et
197 999 228 1056 in
256 999 300 1056 eis
328 1015 403 1075 quae
432 1005 599 1075 sequuntur
627 996 664 1055 de
692 997 782 1055 variis
810 997 914 1055 mortis
942 994 1102 1073 generibus
1130 995 1313 1074 disseratur,

136 1112 193 1172 qua
217 1112 250 1153 re
273 1094 484 1172 comprobatur
503 1093 694 1154 Plutarchum
719 1110 755 1152 ex
779 1091 967 1152 collectaneis
990 1094 1052 1152 suis
1072 1095 1222 1152 nonsatis
1242 1101 1313 1170 apte

136 1224 179 1232 -
203 1193 267 1269 peri
291 1191 377 1250 modo
401 1201 489 1269 atque
514 1187 567 1250 ‘lle
587 1185 717 1250 lortuna'
740 1208 764 1250 c.
780 1185 861 1250 eon.
886 1183 939 1271 (cl.
958 1208 1046 1268 supra
1066 1210 1094 1269 p.
1113 1186 1175 1252 100
1186 1183 1247 1272 sq.)
1268 1222 1313 1232 —

136 1288 209 1348 haec
229 1288 318 1348 verba
336 1290 512 1369 inseruisse3
532 1287 617 1348 aliter
632 1290 710 1347 enim
726 1287 897 1365 intellegere
913 1307 973 1348 non
987 1306 1154 1369 possumus,
1173 1306 1230 1348 cur
1245 1306 1313 1347 sen-

138 1387 297 1447 sentiarum
321 1385 455 1446 ordinem
481 1394 539 1446 tam
563 1386 638 1446 male
661 1385 874 1466 dilaceraverit,
898 1387 957 1445 nisi
975 1387 1132 1446 statuimus
1152 1404 1220 1445 eom
1242 1403 1312 1445 con-

137 1483 299 1559 glutinasse
328 1485 406 1543 varia
434 1491 574 1561 excerpta
602 1483 683 1542 nullo
713 1482 829 1543 vinculo
857 1485 936 1543 inter
964 1501 996 1542 se
1025 1484 1182 1544 coniuncta
1211 1491 1243 1543 et
1267 1484 1312 1542 in-

138 1582 246 1641 cidisse
268 1583 298 1641 in
318 1580 455 1641 volumen
475 1581 623 1660 quoddam
643 1599 701 1659 quo
721 1580 874 1640 hominnm
894 1580 1042 1640 clarorum
1061 1589 1164 1641 contra
1183 1588 1313 1640 mortem

138 1682 302 1739 constantia
330 1678 532 1757 compluribus
560 1677 702 1758 exemplis
730 1676 948 1759 illustrabatur,
976 1696 1043 1738 narn
1071 1677 1209 1756 equidem
1239 1677 1312 1738 alias

139 1778 310 1854 perspicere
335 1795 392 1836 non
416 1795 547 1858 possum,
571 1794 625 1837 cur
649 1786 707 1837 tam
732 1776 782 1837 diu
806 1776 926 1836 haereat
944 1779 974 1836 in
994 1775 1165 1836 crudelibus
1185 1775 1312 1837 necibus

125 1874 327 1955 enarrandis,
352 1893 426 1952 qnae
451 1874 486 1934 ad
510 1893 573 1934 rem
597 1874 674 1935 baud
700 1873 824 1934 multum
848 1874 954 1934 valent.

228 1971 277 2032 Sic
301 1971 357 2031 sub
381 1974 485 2049 capitis
508 1972 565 2031 fine
585 1971 734 2031 Theodori
753 1971 833 2031 athei
851 1972 985 2049 exemplo
1005 1972 1189 2032 demonstrat
1208 1989 1313 2032 revera

139 2088 198 2128 non
227 2088 292 2128 esse
321 2069 428 2129 malum
457 2071 488 2129 in
516 2087 635 2129 crucem
665 2069 709 2128 vel
737 2069 772 2128 ad
797 2069 894 2147 palum
919 2069 1006 2148 affigi.
1053 2067 1137 2139 Quod
1161 2067 1315 2130 Theodori

139 2167 250 2226 dictum
279 2165 483 2244 pervulgatum
511 2175 587 2246 erat,
615 2185 682 2226 nam
712 2175 874 2245 usurpatur
902 2168 989 2226 etiam
1019 2161 1071 2225 ‘lle
1090 2162 1191 2225 exilio'
1215 2187 1241 2228 c.
1263 2165 1314 2246 16,

139 2260 237 2325 6060
266 2271 296 2322 et
324 2282 339 2322 a
368 2261 524 2342 Cicerone,
553 2263 704 2324 Tusculi
724 2262 776 2325 42.
822 2264 918 2324 Etiam
946 2262 1046 2344 Telos,
1074 2257 1160 2346 ‘crept
1189 2261 1313 2344 pqug'

140 2381 167 2439 p.
184 2357 236 2440 23,
255 2358 320 2421 311.
340 2359 489 2419 Theodori
513 2364 630 2421 nomine
655 2364 764 2422 omisso
789 2362 823 2421 ad
844 2362 915 2423 illud
936 2364 1121 2423 enuntiatum
1141 2361 1255 2423 alludit.
1270 2396 1314 2405 —

140 2458 251 2518 Deinde
271 2457 346 2518 Plut.
367 2458 506 2518 nonnulla
526 2459 561 2518 de
582 2458 757 2538 Scytharum
765 2452 800 2542 ¹),
820 2458 1034 2540 Hyrcanorum,
1052 2455 1314 2545 bactrianorumt)

140 2554 355 2616 consuetudine
380 2564 513 2615 mortuos
537 2556 699 2633 sepeliendi
722 2556 811 2637 addit,
836 2559 964 2634 quaein
989 2559 1081 2617 totins
1100 2560 1207 2636 capitis
1227 2576 1313 2637 argu-

141 2662 272 2713 mentum
301 2655 422 2713 minime
446 2653 592 2731 quadrare
615 2655 672 2712 iam
696 2673 712 2713 e
736 2653 931 2732 sequentibus
950 2654 1048 2714 verbis
1068 2654 1179 2716 elucet:
1208 2651 1315 2729 ‘sivan

141 2740 203 2811 οὖν
221 2755 323 2811 ταῦτα
342 2748 585 2830 κακοδαίμονας
604 2746 727 2830 ποιεῖς’,
747 2769 821 2829 qnae
843 2770 901 2812 non
921 2751 954 2812 ad
975 2755 1048 2812 istos
1068 2752 1208 2813 ilosoulos
1228 2755 1314 2814 undi-

142 2865 198 2925 que
223 2846 363 2906 collectos
383 2857 517 2924 spectare
536 2856 670 2928 possunt,
694 2848 746 2908 sed
766 2849 801 2908 ad
821 2850 885 2927 ipsa
904 2849 978 2909 mala
997 2852 1027 2908 in
1047 2851 1152 2928 capitis
1173 2848 1193 2912 3
1213 2853 1314 2929 priore

141 2952 225 3022 parte
254 2941 419 3022 reprobata.
466 2943 605 3004 Ceterum
634 2943 701 3005 talia
730 2944 908 3006 collectanea
938 2946 1046 3026 quibus
1075 2949 1153 3007 varia
1182 2949 1315 3028 sepultu-

141 3058 242 3101 rarum
270 3058 379 3118 genera
408 3040 795 3121 describebanturvulgata
825 3042 916 3103 luisse
945 3064 979 3104 ex
1004 3043 1114 3104 Telelis
1138 3041 1227 3128 ‘cepi
1251 3067 1316 3126 φυ-

141 3134 213 3218 γῆς’
236 3137 312 3197 libro
336 3156 479 3216 apparere
499 3138 625 3217 videtur,
650 3139 701 3199 ubi
720 3140 826 3200 similia
845 3149 933 3218 atque
953 3141 1029 3219 apud
1049 3140 1243 3202 Plutarchum
1263 3143 1280 3203 l.
1296 3142 1315 3204 l.

141 3226 359 3317 enarrantur.³)

230 3331 290 3391 lam
318 3350 372 3391 nos
401 3340 608 3392 convertamus
636 3334 671 3393 ad
700 3353 724 3394 c.
744 3332 778 3415 4,
807 3333 859 3394 ubi
881 3335 1098 3397 Chaeronensis
1125 3337 1224 3398 denuo
1249 3358 1316 3398 sen-

142 3432 264 3489 tentiam
288 3428 366 3489 illam
391 3432 462 3489 satis
486 3448 635 3509 superque
657 3431 742 3491 nobis
762 3439 861 3492 notam
881 3441 1002 3494 secutus
1021 3434 1148 3513 explicat
1167 3435 1315 3517 iortnnae,

233 3683 258 3745 1)
283 3679 361 3744 Quae
384 3678 457 3734 Plut.
480 3681 514 3733 de
534 3678 646 3747 Scythis
669 3682 778 3750 profert
800 3683 876 3751 apud
894 3685 1021 3739 Telstem
1045 3684 1146 3739 desunt
1169 3689 1199 3740 et
1222 3686 1315 3757 petita

142 3765 207 3813 sunt
225 3777 260 3814 ex
277 3757 421 3813 Herodoto
440 3759 487 3825 IV,
503 3765 545 3814 71.
891 3763 894 3767 ’

231 3847 258 3916 2)
277 3845 317 3902 cf.
337 3846 432 3916 neres,
452 3853 494 3915 23,
510 3845 570 3902 en.

231 3937 260 4005 3)
278 3935 395 3990 Bionem
415 3936 646 3990 commentarium
667 3937 743 4007 ‘napi
763 3940 864 4007 rcqqc'
886 3939 1031 4010 scripsisse
1051 3959 1069 3996 a
1087 3941 1186 3998 Telete
1205 3946 1313 4015 expila-

141 4018 203 4070 tnm
227 4015 256 4083 (i.
276 4032 304 4084 g.
329 4015 509 4070 coniecerunt
532 4016 637 4083 Hense,
661 4018 680 4070 l.
694 4017 713 4070 l.
732 4036 758 4086 p.
772 4018 952 4088 LXXXVHI,
981 4020 1130 4091 Giesecke,
1153 4024 1171 4079 l.
1187 4023 1205 4080 l.
1225 4043 1253 4094 p.
1269 4031 1315 4092 28)

142 4093 211 4148 satis
233 4092 422 4163 improbabile
442 4111 502 4149 esse
521 4095 592 4148 mihi
609 4095 733 4161 videtum
757 4100 855 4153 contro
873 4098 960 4155 talem
978 4100 1107 4156 libellum
1126 4103 1315 4175 Chrysippum

134 4174 327 4239 composuisse
346 4175 471 4243 constat,
496 4193 514 4229 a
534 4191 589 4243 qno
608 4174 735 4246 pendent
752 4176 865 4248 Cicero,
882 4180 997 4234 Tuscul.
1015 4183 1029 4234 l
1046 4187 1096 4235 tot
1107 4199 1150 4250 sq.
1168 4186 1199 4236 et
1212 4185 1315 4239 Sextus

161 4248 228 4335 Prin,
240 4249 288 4300 III
299 4258 354 4305 226
363 4271 404 4321 sq.
448 4254 489 4311 Cf.
508 4257 623 4327 Hense,
643 4257 660 4313 i.
678 4257 712 4327 l.,
733 4258 788 4314 ubi
805 4257 931 4315 oliorum
946 4257 1099 4314 bominum
1116 4260 1152 4311 de
1163 4258 1225 4311 bue
1242 4248 1336 4325 queo?

174 4338 193 4374 e
210 4330 335 4383 merente
355 4332 530 4394 laudentur.
