<?xml version="1.0" encoding="UTF-8"?>
<!DOCTYPE html PUBLIC "-//W3C//DTD XHTML 1.0 Transitional//EN"
    "http://www.w3.org/TR/xhtml1/DTD/xhtml1-transitional.dtd">
<html xmlns="http://www.w3.org/1999/xhtml" xml:lang="en" lang="en">
 <head>
  <title>
</title>
<meta http-equiv="Content-Type" content="text/html;charset=utf-8" />
  <meta name='ocr-system' content='tesseract 3.04.00' />
  <meta name='ocr-capabilities' content='ocr_page ocr_carea ocr_par ocr_line ocrx_word'/>
</head>
<body>
  <div class='ocr_page' id='page_1' title='image "./dealiquotplutar00siefgoog_0069.png"; bbox 0 0 2754 4656; ppageno 0'>
   <div class='ocr_carea' id='block_1_1' title="bbox 568 293 809 358">
    <p class='ocr_par' dir='ltr' id='par_1_1' title="bbox 568 293 809 358">
     <span class='ocr_line' id='line_1_1' title="bbox 568 293 809 358; baseline -0.004 0"><span class='ocrx_word' id='word_1_1' title='bbox 568 293 809 358; x_wconf 78' lang='lat'>-105-</span> 
     </span>
    </p>
   </div>
   <div class='ocr_carea' id='block_1_2' title="bbox 100 476 1275 2516">
    <p class='ocr_par' dir='ltr' id='par_1_2' title="bbox 101 476 1272 753">
     <span class='ocr_line' id='line_1_2' title="bbox 101 476 1272 555; baseline 0.001 -19"><span class='ocrx_word' id='word_1_2' title='bbox 101 477 180 541; x_wconf 89' lang='lat' dir='ltr'>riola</span> <span class='ocrx_word' id='word_1_3' title='bbox 197 476 291 537; x_wconf 92' lang='lat' dir='ltr'>multo</span> <span class='ocrx_word' id='word_1_4' title='bbox 315 478 484 538; x_wconf 82' lang='lat' dir='ltr'>accuratius</span> <span class='ocrx_word' id='word_1_5' title='bbox 508 485 672 555; x_wconf 81' lang='lat' dir='ltr'><strong>enarratur,</strong></span> <span class='ocrx_word' id='word_1_6' title='bbox 697 494 764 536; x_wconf 91' lang='lat' dir='ltr'>cum</span> <span class='ocrx_word' id='word_1_7' title='bbox 784 477 872 535; x_wconf 89' lang='lat' dir='ltr'>etiam</span> <span class='ocrx_word' id='word_1_8' title='bbox 891 476 1019 536; x_wconf 91' lang='lat' dir='ltr'>bominis</span> <span class='ocrx_word' id='word_1_9' title='bbox 1038 495 1105 537; x_wconf 91' lang='lat' dir='ltr'>cum</span> <span class='ocrx_word' id='word_1_10' title='bbox 1125 477 1272 555; x_wconf 78' lang='lat' dir='ltr'><strong>Iphicrate</strong></span> 
     </span>
     <span class='ocr_line' id='line_1_3' title="bbox 102 573 1272 656; baseline -0.002 -20"><span class='ocrx_word' id='word_1_11' title='bbox 102 575 299 654; x_wconf 72' lang='lat' dir='ltr'>colloquentis</span> <span class='ocrx_word' id='word_1_12' title='bbox 323 594 431 635; x_wconf 89' lang='lat' dir='ltr'>nomeu</span> <span class='ocrx_word' id='word_1_13' title='bbox 456 594 492 635; x_wconf 85' lang='lat' dir='ltr'>ex</span> <span class='ocrx_word' id='word_1_14' title='bbox 517 594 551 635; x_wconf 88' lang='lat' dir='ltr'>eo</span> <span class='ocrx_word' id='word_1_15' title='bbox 575 575 740 653; x_wconf 80' lang='lat' dir='ltr'>lucremur3</span> <span class='ocrx_word' id='word_1_16' title='bbox 768 582 831 634; x_wconf 93' lang='lat' dir='ltr'>erat</span> <span class='ocrx_word' id='word_1_17' title='bbox 855 576 933 634; x_wconf 89' lang='lat' dir='ltr'>enim</span> <span class='ocrx_word' id='word_1_18' title='bbox 957 573 1104 656; x_wconf 83' lang='lat' dir='ltr'>Callicles,</span> <span class='ocrx_word' id='word_1_19' title='bbox 1130 574 1272 635; x_wconf 87' lang='lat' dir='ltr'>Chabriae</span> 
     </span>
     <span class='ocr_line' id='line_1_4' title="bbox 102 667 930 753; baseline -0.002 -19"><span class='ocrx_word' id='word_1_20' title='bbox 102 673 193 753; x_wconf 83' lang='lat' dir='ltr'>nlius,</span> <span class='ocrx_word' id='word_1_21' title='bbox 218 676 269 751; x_wconf 91' lang='lat' dir='ltr'>qui</span> <span class='ocrx_word' id='word_1_22' title='bbox 293 670 345 734; x_wconf 78' lang='lat' dir='ltr'>‘lle</span> <span class='ocrx_word' id='word_1_23' title='bbox 365 670 445 734; x_wconf 79' lang='lat' dir='ltr'>lort&#39;</span> <span class='ocrx_word' id='word_1_24' title='bbox 469 675 482 733; x_wconf 93' lang='grc' dir='ltr'>Ι.</span> <span class='ocrx_word' id='word_1_25' title='bbox 506 675 522 734; x_wconf 95' lang='lat' dir='ltr'>l.</span> <span class='ocrx_word' id='word_1_26' title='bbox 548 691 618 733; x_wconf 88' lang='lat' dir='ltr'>voce</span> <span class='ocrx_word' id='word_1_27' title='bbox 642 667 714 745; x_wconf 73' lang='lat' dir='ltr'>‘rog’</span> <span class='ocrx_word' id='word_1_28' title='bbox 739 671 930 748; x_wconf 82' lang='lat' dir='ltr'>significatur.</span> 
     </span>
    </p>

    <p class='ocr_par' dir='ltr' id='par_1_3' title="bbox 100 767 1274 1929">
     <span class='ocr_line' id='line_1_5' title="bbox 192 767 1272 851; baseline -0.001 -20"><span class='ocrx_word' id='word_1_29' title='bbox 192 771 253 832; x_wconf 91' lang='lat' dir='ltr'>Sub</span> <span class='ocrx_word' id='word_1_30' title='bbox 282 774 387 851; x_wconf 87' lang='lat' dir='ltr'>capitis</span> <span class='ocrx_word' id='word_1_31' title='bbox 416 771 473 832; x_wconf 86' lang='lat' dir='ltr'>line</span> <span class='ocrx_word' id='word_1_32' title='bbox 501 773 576 832; x_wconf 93' lang='lat' dir='ltr'>Plut.</span> <span class='ocrx_word' id='word_1_33' title='bbox 606 769 772 851; x_wconf 78' lang='grc' dir='ltr'><em>φρόνησιν</em></span> <span class='ocrx_word' id='word_1_34' title='bbox 795 803 838 812; x_wconf 91' lang='grc'><strong>-</strong></span> <span class='ocrx_word' id='word_1_35' title='bbox 864 779 895 830; x_wconf 88' lang='lat' dir='ltr'>ut</span> <span class='ocrx_word' id='word_1_36' title='bbox 923 788 977 848; x_wconf 88' lang='lat' dir='ltr'>per</span> <span class='ocrx_word' id='word_1_37' title='bbox 1005 778 1097 831; x_wconf 90' lang='lat' dir='ltr'>totam</span> <span class='ocrx_word' id='word_1_38' title='bbox 1121 767 1173 830; x_wconf 73' lang='lat' dir='ltr'>‘De</span> <span class='ocrx_word' id='word_1_39' title='bbox 1193 767 1272 831; x_wconf 86' lang='lat' dir='ltr'>lort&#39;</span> 
     </span>
     <span class='ocr_line' id='line_1_6' title="bbox 101 866 1273 948; baseline -0.001 -19"><span class='ocrx_word' id='word_1_40' title='bbox 101 869 383 948; x_wconf 70' lang='lat' dir='ltr'>disputatiunculam</span> <span class='ocrx_word' id='word_1_41' title='bbox 413 905 455 912; x_wconf 92' lang='lat'><strong>—</strong></span> <span class='ocrx_word' id='word_1_42' title='bbox 485 872 607 931; x_wconf 92' lang='lat' dir='ltr'>summis</span> <span class='ocrx_word' id='word_1_43' title='bbox 638 868 774 928; x_wconf 83' lang='lat' dir='ltr'>laudibus</span> <span class='ocrx_word' id='word_1_44' title='bbox 803 866 946 947; x_wconf 84' lang='lat' dir='ltr'>cumulat,</span> <span class='ocrx_word' id='word_1_45' title='bbox 980 870 1117 947; x_wconf 91' lang='lat' dir='ltr'>quoniam</span> <span class='ocrx_word' id='word_1_46' title='bbox 1147 870 1211 928; x_wconf 90' lang='lat' dir='ltr'>sine</span> <span class='ocrx_word' id='word_1_47' title='bbox 1240 888 1273 928; x_wconf 88' lang='lat' dir='ltr'>ea</span> 
     </span>
     <span class='ocr_line' id='line_1_7' title="bbox 101 955 1273 1048; baseline -0.002 -19"><span class='ocrx_word' id='word_1_48' title='bbox 101 963 180 1029; x_wconf 68' lang='lat' dir='ltr'>‘adro</span> <span class='ocrx_word' id='word_1_49' title='bbox 203 964 314 1028; x_wconf 77' lang='grc' dir='ltr'><em>ἄλλων</em></span> <span class='ocrx_word' id='word_1_50' title='bbox 337 976 486 1048; x_wconf 82' lang='grc' dir='ltr'><em>τεχνῶν</em></span> <span class='ocrx_word' id='word_1_51' title='bbox 509 966 630 1048; x_wconf 78' lang='grc' dir='ltr'><em>ὄφελος</em></span> <span class='ocrx_word' id='word_1_52' title='bbox 655 958 754 1027; x_wconf 69' lang='grc' dir='ltr'><em>οὐδὲν</em></span> <span class='ocrx_word' id='word_1_53' title='bbox 779 955 853 1026; x_wconf 77' lang='grc' dir='ltr'><strong>οὐδ’</strong></span> <span class='ocrx_word' id='word_1_54' title='bbox 873 963 986 1045; x_wconf 78' lang='grc' dir='ltr'><em>ὄνησίς</em></span> <span class='ocrx_word' id='word_1_55' title='bbox 1006 961 1116 1026; x_wconf 78' lang='grc' dir='ltr'><em>ἐστιν’.</em></span> <span class='ocrx_word' id='word_1_56' title='bbox 1157 966 1216 1026; x_wconf 91' lang='lat' dir='ltr'>lam</span> <span class='ocrx_word' id='word_1_57' title='bbox 1237 967 1273 1027; x_wconf 86' lang='lat' dir='ltr'>cl.</span> 
     </span>
     <span class='ocr_line' id='line_1_8' title="bbox 101 1055 1273 1147; baseline -0.001 -23"><span class='ocrx_word' id='word_1_58' title='bbox 101 1062 155 1125; x_wconf 76' lang='lat' dir='ltr'>‘De</span> <span class='ocrx_word' id='word_1_59' title='bbox 175 1059 255 1125; x_wconf 87' lang='lat' dir='ltr'>fort&#39;</span> <span class='ocrx_word' id='word_1_60' title='bbox 275 1084 299 1125; x_wconf 94' lang='lat' dir='ltr'>c.</span> <span class='ocrx_word' id='word_1_61' title='bbox 314 1063 336 1125; x_wconf 82' lang='lat'>4</span> <span class='ocrx_word' id='word_1_62' title='bbox 351 1065 413 1125; x_wconf 82' lang='lat' dir='ltr'>liu:</span> <span class='ocrx_word' id='word_1_63' title='bbox 437 1062 496 1126; x_wconf 76' lang='lat' dir='ltr'>‘orl</span> <span class='ocrx_word' id='word_1_64' title='bbox 515 1060 648 1147; x_wconf 82' lang='grc' dir='ltr'><strong><em>τέχναι</em></strong></span> <span class='ocrx_word' id='word_1_65' title='bbox 672 1062 789 1144; x_wconf 85' lang='grc' dir='ltr'><em>μικραί</em></span> <span class='ocrx_word' id='word_1_66' title='bbox 808 1082 896 1135; x_wconf 84' lang='grc' dir='ltr'><em>τινες</em></span> <span class='ocrx_word' id='word_1_67' title='bbox 914 1055 999 1124; x_wconf 79' lang='grc' dir='ltr'><em>εἶναι</em></span> <span class='ocrx_word' id='word_1_68' title='bbox 1019 1058 1171 1143; x_wconf 75' lang='grc' dir='ltr'><em>λέγονται</em></span> <span class='ocrx_word' id='word_1_69' title='bbox 1191 1083 1273 1143; x_wconf 80' lang='grc' dir='ltr'><strong>φρο-</strong></span> 
     </span>
     <span class='ocr_line' id='line_1_9' title="bbox 101 1157 1274 1243; baseline -0.003 -19"><span class='ocrx_word' id='word_1_70' title='bbox 101 1158 235 1243; x_wconf 75' lang='grc' dir='ltr'><em>νήσεις’.</em></span> <span class='ocrx_word' id='word_1_71' title='bbox 260 1163 349 1222; x_wconf 90' lang='lat' dir='ltr'>Paulo</span> <span class='ocrx_word' id='word_1_72' title='bbox 365 1164 440 1223; x_wconf 85' lang='lat' dir='ltr'>inira</span> <span class='ocrx_word' id='word_1_73' title='bbox 456 1166 485 1223; x_wconf 92' lang='lat' dir='ltr'>iu</span> <span class='ocrx_word' id='word_1_74' title='bbox 502 1163 600 1224; x_wconf 92' lang='lat' dir='ltr'>libello</span> <span class='ocrx_word' id='word_1_75' title='bbox 616 1159 671 1222; x_wconf 76' lang='lat' dir='ltr'>‘An</span> <span class='ocrx_word' id='word_1_76' title='bbox 686 1158 791 1222; x_wconf 89' lang='lat' dir='ltr'>virtus&#39;</span> <span class='ocrx_word' id='word_1_77' title='bbox 807 1159 969 1241; x_wconf 78' lang='grc' dir='ltr'><em>φρόνησις</em></span> <span class='ocrx_word' id='word_1_78' title='bbox 984 1169 1173 1240; x_wconf 88' lang='lat' dir='ltr'>nuncupatur</span> <span class='ocrx_word' id='word_1_79' title='bbox 1188 1157 1274 1240; x_wconf 70' lang='lat' dir='ltr'>‘hys-</span> 
     </span>
     <span class='ocr_line' id='line_1_10' title="bbox 101 1253 1274 1341; baseline -0.003 -19"><span class='ocrx_word' id='word_1_80' title='bbox 101 1257 175 1341; x_wconf 83' lang='grc' dir='ltr'>μὼν</span> <span class='ocrx_word' id='word_1_81' title='bbox 197 1254 254 1321; x_wconf 80' lang='grc' dir='ltr'>καὶ</span> <span class='ocrx_word' id='word_1_82' title='bbox 276 1258 398 1340; x_wconf 83' lang='grc' dir='ltr'><em>κόσμος</em></span> <span class='ocrx_word' id='word_1_83' title='bbox 422 1255 587 1322; x_wconf 55' lang='grc' dir='ltr'><em>ἁπάντων</em></span> <span class='ocrx_word' id='word_1_84' title='bbox 613 1262 664 1339; x_wconf 94' lang='lat' dir='ltr'>qui</span> <span class='ocrx_word' id='word_1_85' title='bbox 687 1257 746 1332; x_wconf 63' lang='lat' dir='ltr'>‘sta</span> <span class='ocrx_word' id='word_1_86' title='bbox 764 1257 801 1320; x_wconf 93' lang='grc' dir='ltr'>τὸ</span> <span class='ocrx_word' id='word_1_87' title='bbox 821 1257 1013 1339; x_wconf 80' lang='grc' dir='ltr'><em>χρήσιμον</em></span> <span class='ocrx_word' id='word_1_88' title='bbox 1034 1253 1172 1320; x_wconf 76' lang='grc' dir='ltr'><em>ἕκαστον</em></span> <span class='ocrx_word' id='word_1_89' title='bbox 1191 1261 1274 1318; x_wconf 80' lang='grc' dir='ltr'><strong><em>καθ-</em></strong></span> 
     </span>
     <span class='ocr_line' id='line_1_11' title="bbox 103 1352 1273 1438; baseline -0.003 -18"><span class='ocrx_word' id='word_1_90' title='bbox 103 1353 254 1438; x_wconf 61' lang='grc' dir='ltr'><em>ίστησιν,</em></span> <span class='ocrx_word' id='word_1_91' title='bbox 274 1367 303 1418; x_wconf 88' lang='lat' dir='ltr'>ct</span> <span class='ocrx_word' id='word_1_92' title='bbox 322 1359 424 1418; x_wconf 86' lang='lat' dir='ltr'>eadem</span> <span class='ocrx_word' id='word_1_93' title='bbox 444 1358 576 1419; x_wconf 85' lang='lat' dir='ltr'>definitio</span> <span class='ocrx_word' id='word_1_94' title='bbox 593 1355 646 1417; x_wconf 78' lang='lat' dir='ltr'>‘lle</span> <span class='ocrx_word' id='word_1_95' title='bbox 662 1352 741 1416; x_wconf 85' lang='lat' dir='ltr'>l&#39;ort.&#39;</span> <span class='ocrx_word' id='word_1_96' title='bbox 761 1375 784 1416; x_wconf 89' lang='lat' dir='ltr'>c.</span> <span class='ocrx_word' id='word_1_97' title='bbox 801 1355 820 1416; x_wconf 88' lang='grc'>6</span> <span class='ocrx_word' id='word_1_98' title='bbox 836 1359 899 1416; x_wconf 89' lang='lat' dir='ltr'>init.</span> <span class='ocrx_word' id='word_1_99' title='bbox 917 1357 963 1417; x_wconf 89' lang='lat' dir='ltr'>his</span> <span class='ocrx_word' id='word_1_100' title='bbox 978 1360 1148 1417; x_wconf 90' lang='lat' dir='ltr'>continetur</span> <span class='ocrx_word' id='word_1_101' title='bbox 1162 1356 1273 1416; x_wconf 90' lang='lat' dir='ltr'>verbis:</span> 
     </span>
     <span class='ocr_line' id='line_1_12' title="bbox 102 1447 1273 1536; baseline -0.003 -19"><span class='ocrx_word' id='word_1_102' title='bbox 102 1453 133 1535; x_wconf 65' lang='grc' dir='ltr'>’ἡ</span> <span class='ocrx_word' id='word_1_103' title='bbox 158 1454 324 1536; x_wconf 79' lang='grc' dir='ltr'><em>φρόνησίς</em></span> <span class='ocrx_word' id='word_1_104' title='bbox 346 1451 415 1517; x_wconf 81' lang='grc' dir='ltr'><em>ἐστι</em></span> <span class='ocrx_word' id='word_1_105' title='bbox 439 1501 469 1517; x_wconf 92' lang='grc'>..</span> <span class='ocrx_word' id='word_1_106' title='bbox 494 1453 531 1516; x_wconf 93' lang='grc' dir='ltr'>τὸ</span> <span class='ocrx_word' id='word_1_107' title='bbox 555 1460 634 1516; x_wconf 80' lang='grc' dir='ltr'><em>πᾶσι</em></span> <span class='ocrx_word' id='word_1_108' title='bbox 658 1453 816 1526; x_wconf 79' lang='grc' dir='ltr'><strong><em>..καλῶς</em></strong></span> <span class='ocrx_word' id='word_1_109' title='bbox 839 1457 984 1534; x_wconf 78' lang='grc' dir='ltr'><em>χρῆσθαι</em></span> <span class='ocrx_word' id='word_1_110' title='bbox 1008 1450 1196 1533; x_wconf 73' lang='grc' dir='ltr'><em>δυνάμενον</em></span> <span class='ocrx_word' id='word_1_111' title='bbox 1218 1447 1273 1514; x_wconf 84' lang='grc' dir='ltr'>καὶ</span> 
     </span>
     <span class='ocr_line' id='line_1_13' title="bbox 102 1546 1274 1633; baseline -0.004 -17"><span class='ocrx_word' id='word_1_112' title='bbox 102 1548 146 1616; x_wconf 80' lang='lat' dir='ltr'>dr&#39;</span> <span class='ocrx_word' id='word_1_113' title='bbox 172 1548 189 1615; x_wconf 82' lang='grc' dir='ltr'>ὃ</span> <span class='ocrx_word' id='word_1_114' title='bbox 213 1550 343 1615; x_wconf 86' lang='grc' dir='ltr'><em>τούτων</em></span> <span class='ocrx_word' id='word_1_115' title='bbox 366 1548 532 1615; x_wconf 79' lang='grc' dir='ltr'><em>ἕκαστον</em></span> <span class='ocrx_word' id='word_1_116' title='bbox 554 1550 620 1633; x_wconf 78' lang='grc' dir='ltr'>ἡδὺ</span> <span class='ocrx_word' id='word_1_117' title='bbox 643 1551 790 1631; x_wconf 74' lang='grc' dir='ltr'><em>γίγνεται</em></span> <span class='ocrx_word' id='word_1_118' title='bbox 814 1547 868 1612; x_wconf 81' lang='grc' dir='ltr'>καὶ</span> <span class='ocrx_word' id='word_1_119' title='bbox 892 1546 1030 1625; x_wconf 76' lang='grc' dir='ltr'><em>ἔνδοξον</em></span> <span class='ocrx_word' id='word_1_120' title='bbox 1054 1546 1109 1612; x_wconf 78' lang='grc' dir='ltr'>καὶ</span> <span class='ocrx_word' id='word_1_121' title='bbox 1133 1546 1274 1631; x_wconf 78' lang='grc' dir='ltr'><em>ὠφέλι-</em></span> 
     </span>
     <span class='ocr_line' id='line_1_14' title="bbox 101 1644 1273 1731; baseline -0.003 -18"><span class='ocrx_word' id='word_1_122' title='bbox 101 1648 197 1731; x_wconf 85' lang='grc' dir='ltr'><em>μον.’</em></span> <span class='ocrx_word' id='word_1_123' title='bbox 248 1652 404 1712; x_wconf 88' lang='lat' dir='ltr'>Praeterea</span> <span class='ocrx_word' id='word_1_124' title='bbox 437 1655 547 1731; x_wconf 91' lang='lat' dir='ltr'>optime</span> <span class='ocrx_word' id='word_1_125' title='bbox 580 1651 638 1710; x_wconf 92' lang='lat' dir='ltr'>huc</span> <span class='ocrx_word' id='word_1_126' title='bbox 672 1650 797 1729; x_wconf 88' lang='lat' dir='ltr'>quadrat</span> <span class='ocrx_word' id='word_1_127' title='bbox 829 1646 882 1709; x_wconf 74' lang='lat' dir='ltr'>‘lle</span> <span class='ocrx_word' id='word_1_128' title='bbox 906 1649 1055 1728; x_wconf 86' lang='lat' dir='ltr'>tranquill.</span> <span class='ocrx_word' id='word_1_129' title='bbox 1080 1644 1136 1709; x_wconf 86' lang='lat' dir='ltr'>an&#39;</span> <span class='ocrx_word' id='word_1_130' title='bbox 1161 1647 1273 1709; x_wconf 75' lang='lat' dir='ltr'>omit:</span> 
     </span>
     <span class='ocr_line' id='line_1_15' title="bbox 102 1737 1274 1834; baseline -0.003 -23"><span class='ocrx_word' id='word_1_131' title='bbox 102 1747 166 1811; x_wconf 78' lang='lat' dir='ltr'>‘det</span> <span class='ocrx_word' id='word_1_132' title='bbox 185 1795 192 1810; x_wconf 92' lang='lat'>.</span> <span class='ocrx_word' id='word_1_133' title='bbox 210 1795 217 1810; x_wconf 88' lang='lat'><strong>.</strong></span> <span class='ocrx_word' id='word_1_134' title='bbox 236 1746 349 1828; x_wconf 81' lang='grc' dir='ltr'><em>νέμειν</em></span> <span class='ocrx_word' id='word_1_135' title='bbox 373 1744 517 1834; x_wconf 79' lang='grc' dir='ltr'><em>ἑκάστῳ</em></span> <span class='ocrx_word' id='word_1_136' title='bbox 541 1747 660 1827; x_wconf 85' lang='grc' dir='ltr'><em>τόπον,</em></span> <span class='ocrx_word' id='word_1_137' title='bbox 684 1743 720 1808; x_wconf 78' lang='grc' dir='ltr'>ἐν</span> <span class='ocrx_word' id='word_1_138' title='bbox 744 1737 770 1832; x_wconf 75' lang='grc' dir='ltr'><em>ᾧ</em></span> <span class='ocrx_word' id='word_1_139' title='bbox 794 1741 907 1832; x_wconf 79' lang='grc' dir='ltr'><em>καὶτὸ</em></span> <span class='ocrx_word' id='word_1_140' title='bbox 932 1745 1056 1808; x_wconf 73' lang='grc' dir='ltr'><em>οἰκεῖον</em></span> <span class='ocrx_word' id='word_1_141' title='bbox 1080 1742 1274 1826; x_wconf 78' lang='grc' dir='ltr'><em>ὠφελήσει</em></span> 
     </span>
     <span class='ocr_line' id='line_1_16' title="bbox 100 1843 263 1929; baseline 0 -20"><span class='ocrx_word' id='word_1_142' title='bbox 100 1843 263 1929; x_wconf 67' lang='lat' dir='ltr'>poti-curu?</span> 
     </span>
    </p>

    <p class='ocr_par' dir='ltr' id='par_1_4' title="bbox 100 1943 1275 2516">
     <span class='ocr_line' id='line_1_17' title="bbox 192 1943 1273 2023; baseline -0.003 -17"><span class='ocrx_word' id='word_1_143' title='bbox 192 1945 307 2016; x_wconf 85' lang='lat' dir='ltr'>Quibus</span> <span class='ocrx_word' id='word_1_144' title='bbox 331 1946 467 2006; x_wconf 91' lang='lat' dir='ltr'>omnibus</span> <span class='ocrx_word' id='word_1_145' title='bbox 492 1947 674 2023; x_wconf 84' lang='lat' dir='ltr'>argumentis</span> <span class='ocrx_word' id='word_1_146' title='bbox 698 1947 769 2005; x_wconf 93' lang='lat' dir='ltr'>satis</span> <span class='ocrx_word' id='word_1_147' title='bbox 794 1943 1016 2023; x_wconf 91' lang='lat' dir='ltr'>comprobatum</span> <span class='ocrx_word' id='word_1_148' title='bbox 1042 1945 1158 2003; x_wconf 89' lang='lat' dir='ltr'>videtur</span> <span class='ocrx_word' id='word_1_149' title='bbox 1180 1945 1273 2020; x_wconf 91' lang='lat' dir='ltr'>scrip-</span> 
     </span>
     <span class='ocr_line' id='line_1_18' title="bbox 103 2037 1273 2120; baseline -0.004 -16"><span class='ocrx_word' id='word_1_150' title='bbox 103 2044 253 2104; x_wconf 90' lang='lat' dir='ltr'>tiunculas</span> <span class='ocrx_word' id='word_1_151' title='bbox 277 2039 329 2102; x_wconf 73' lang='lat' dir='ltr'>‘De</span> <span class='ocrx_word' id='word_1_152' title='bbox 350 2039 479 2103; x_wconf 88' lang='lat' dir='ltr'>lortuna&#39;</span> <span class='ocrx_word' id='word_1_153' title='bbox 508 2051 538 2103; x_wconf 89' lang='lat' dir='ltr'>et</span> <span class='ocrx_word' id='word_1_154' title='bbox 561 2039 617 2102; x_wconf 75' lang='lat' dir='ltr'>‘Au</span> <span class='ocrx_word' id='word_1_155' title='bbox 638 2047 730 2104; x_wconf 89' lang='lat' dir='ltr'>virtus</span> <span class='ocrx_word' id='word_1_156' title='bbox 749 2043 850 2102; x_wconf 90' lang='lat' dir='ltr'>doceri</span> <span class='ocrx_word' id='word_1_157' title='bbox 869 2037 973 2120; x_wconf 88' lang='lat' dir='ltr'>possit&#39;</span> <span class='ocrx_word' id='word_1_158' title='bbox 1003 2044 1161 2120; x_wconf 90' lang='lat' dir='ltr'>inscriptas</span> <span class='ocrx_word' id='word_1_159' title='bbox 1188 2042 1273 2101; x_wconf 85' lang='lat' dir='ltr'>artis-</span> 
     </span>
     <span class='ocr_line' id='line_1_19' title="bbox 102 2136 1274 2222; baseline -0.003 -20"><span class='ocrx_word' id='word_1_160' title='bbox 102 2144 178 2202; x_wconf 92' lang='lat' dir='ltr'>simo</span> <span class='ocrx_word' id='word_1_161' title='bbox 196 2142 311 2201; x_wconf 88' lang='lat' dir='ltr'>vinculo</span> <span class='ocrx_word' id='word_1_162' title='bbox 328 2143 405 2202; x_wconf 89' lang='lat' dir='ltr'>iuter</span> <span class='ocrx_word' id='word_1_163' title='bbox 421 2159 451 2200; x_wconf 91' lang='lat' dir='ltr'>sc</span> <span class='ocrx_word' id='word_1_164' title='bbox 468 2159 594 2201; x_wconf 86' lang='lat' dir='ltr'>conexas</span> <span class='ocrx_word' id='word_1_165' title='bbox 609 2160 689 2222; x_wconf 80' lang='lat' dir='ltr'>esse3</span> <span class='ocrx_word' id='word_1_166' title='bbox 705 2159 761 2201; x_wconf 92' lang='lat' dir='ltr'>nec</span> <span class='ocrx_word' id='word_1_167' title='bbox 776 2143 883 2201; x_wconf 91' lang='lat' dir='ltr'>mirum</span> <span class='ocrx_word' id='word_1_168' title='bbox 899 2140 1038 2218; x_wconf 88' lang='lat' dir='ltr'>estquod</span> <span class='ocrx_word' id='word_1_169' title='bbox 1054 2141 1141 2200; x_wconf 86' lang='lat' dir='ltr'>etiam</span> <span class='ocrx_word' id='word_1_170' title='bbox 1157 2136 1274 2198; x_wconf 90' lang='lat' dir='ltr'>libellus</span> 
     </span>
     <span class='ocr_line' id='line_1_20' title="bbox 101 2238 1275 2318; baseline -0.003 -19"><span class='ocrx_word' id='word_1_171' title='bbox 101 2241 162 2299; x_wconf 89' lang='lat' dir='ltr'>iam</span> <span class='ocrx_word' id='word_1_172' title='bbox 190 2257 204 2298; x_wconf 91' lang='lat' dir='ltr'><strong>a</strong></span> <span class='ocrx_word' id='word_1_173' title='bbox 231 2238 317 2299; x_wconf 89' lang='lat' dir='ltr'>nobis</span> <span class='ocrx_word' id='word_1_174' title='bbox 340 2241 528 2318; x_wconf 87' lang='lat' dir='ltr'>percensitus</span> <span class='ocrx_word' id='word_1_175' title='bbox 552 2242 624 2299; x_wconf 92' lang='lat' dir='ltr'>satis</span> <span class='ocrx_word' id='word_1_176' title='bbox 648 2239 777 2300; x_wconf 87' lang='lat' dir='ltr'>breviter</span> <span class='ocrx_word' id='word_1_177' title='bbox 800 2238 944 2317; x_wconf 91' lang='lat' dir='ltr'>abruptus</span> <span class='ocrx_word' id='word_1_178' title='bbox 968 2248 1013 2298; x_wconf 88' lang='lat' dir='ltr'>est</span> <span class='ocrx_word' id='word_1_179' title='bbox 1037 2246 1067 2298; x_wconf 89' lang='lat' dir='ltr'>et</span> <span class='ocrx_word' id='word_1_180' title='bbox 1090 2239 1169 2297; x_wconf 91' lang='lat' dir='ltr'>omni</span> <span class='ocrx_word' id='word_1_181' title='bbox 1193 2245 1275 2296; x_wconf 92' lang='lat' dir='ltr'>caret</span> 
     </span>
     <span class='ocr_line' id='line_1_21' title="bbox 102 2333 1274 2418; baseline -0.003 -21"><span class='ocrx_word' id='word_1_182' title='bbox 102 2337 240 2418; x_wconf 78' lang='lat' dir='ltr'>exordi03</span> <span class='ocrx_word' id='word_1_183' title='bbox 268 2356 334 2397; x_wconf 92' lang='lat' dir='ltr'>nam</span> <span class='ocrx_word' id='word_1_184' title='bbox 364 2356 400 2397; x_wconf 92' lang='lat' dir='ltr'>ue</span> <span class='ocrx_word' id='word_1_185' title='bbox 429 2336 476 2397; x_wconf 91' lang='lat' dir='ltr'>hic</span> <span class='ocrx_word' id='word_1_186' title='bbox 506 2338 626 2416; x_wconf 90' lang='lat' dir='ltr'>quidem</span> <span class='ocrx_word' id='word_1_187' title='bbox 652 2337 727 2397; x_wconf 89' lang='lat' dir='ltr'>liber</span> <span class='ocrx_word' id='word_1_188' title='bbox 751 2338 946 2415; x_wconf 79' lang='lat' dir='ltr'>fragmentum</span> <span class='ocrx_word' id='word_1_189' title='bbox 972 2345 1029 2416; x_wconf 85' lang='lat' dir='ltr'>est,</span> <span class='ocrx_word' id='word_1_190' title='bbox 1059 2337 1109 2396; x_wconf 92' lang='lat' dir='ltr'>sed</span> <span class='ocrx_word' id='word_1_191' title='bbox 1135 2333 1274 2396; x_wconf 89' lang='lat' dir='ltr'>schedula</span> 
     </span>
     <span class='ocr_line' id='line_1_22' title="bbox 100 2429 1066 2516; baseline -0.002 -21"><span class='ocrx_word' id='word_1_192' title='bbox 100 2442 219 2496; x_wconf 90' lang='lat' dir='ltr'>tantum</span> <span class='ocrx_word' id='word_1_193' title='bbox 243 2433 442 2495; x_wconf 78' lang='lat' dir='ltr'>a&#39;Plutarcho</span> <span class='ocrx_word' id='word_1_194' title='bbox 467 2436 497 2495; x_wconf 91' lang='lat' dir='ltr'>in</span> <span class='ocrx_word' id='word_1_195' title='bbox 521 2453 608 2495; x_wconf 90' lang='lat' dir='ltr'>suum</span> <span class='ocrx_word' id='word_1_196' title='bbox 634 2454 720 2496; x_wconf 90' lang='lat' dir='ltr'>usum</span> <span class='ocrx_word' id='word_1_197' title='bbox 743 2434 840 2495; x_wconf 90' lang='lat' dir='ltr'>obiter</span> <span class='ocrx_word' id='word_1_198' title='bbox 864 2429 1066 2516; x_wconf 82' lang='lat' dir='ltr'>composita.1)</span> 
     </span>
    </p>
   </div>
   <div class='ocr_carea' id='block_1_3' title="bbox 571 2771 813 2844">
    <p class='ocr_par' dir='ltr' id='par_1_5' title="bbox 571 2771 813 2844">
     <span class='ocr_line' id='line_1_23' title="bbox 571 2771 813 2844; baseline 0 0"><span class='ocrx_word' id='word_1_199' title='bbox 571 2771 725 2844; x_wconf 75' lang='lat' dir='ltr'><strong>OAPVT</strong></span> <span class='ocrx_word' id='word_1_200' title='bbox 755 2771 813 2844; x_wconf 87' lang='lat' dir='ltr'>Vl.</span> 
     </span>
    </p>
   </div>
   <div class='ocr_carea' id='block_1_4' title="bbox 123 2909 1258 3104">
    <p class='ocr_par' dir='ltr' id='par_1_6' title="bbox 123 2909 1258 3104">
     <span class='ocr_line' id='line_1_24' title="bbox 123 2909 1258 2995; baseline 0.001 -21"><span class='ocrx_word' id='word_1_201' title='bbox 123 2909 168 2974; x_wconf 88' lang='lat' dir='ltr'>De</span> <span class='ocrx_word' id='word_1_202' title='bbox 192 2909 461 2985; x_wconf 85' lang='lat' dir='ltr'>commentariolo,</span> <span class='ocrx_word' id='word_1_203' title='bbox 487 2910 542 2991; x_wconf 90' lang='lat' dir='ltr'>qui</span> <span class='ocrx_word' id='word_1_204' title='bbox 564 2910 757 2975; x_wconf 88' lang='lat' dir='ltr'>inscribitur</span> <span class='ocrx_word' id='word_1_205' title='bbox 780 2911 943 2995; x_wconf 69' lang='lat' dir='ltr'>‘Hormou</span> <span class='ocrx_word' id='word_1_206' title='bbox 966 2912 1005 2976; x_wconf 77' lang='grc' dir='ltr'>τὰ</span> <span class='ocrx_word' id='word_1_207' title='bbox 1028 2919 1086 2994; x_wconf 77' lang='grc' dir='ltr'>τῆς</span> <span class='ocrx_word' id='word_1_208' title='bbox 1108 2919 1215 2994; x_wconf 78' lang='grc' dir='ltr'><strong><em>ψυχῆς</em></strong></span> <span class='ocrx_word' id='word_1_209' title='bbox 1238 2909 1258 2994; x_wconf 70' lang='grc' dir='ltr'>ἦ</span> 
     </span>
     <span class='ocr_line' id='line_1_25' title="bbox 398 3017 985 3104; baseline 0.003 -24"><span class='ocrx_word' id='word_1_210' title='bbox 398 3017 438 3080; x_wconf 80' lang='grc' dir='ltr'>τὰ</span> <span class='ocrx_word' id='word_1_211' title='bbox 460 3025 521 3081; x_wconf 85' lang='grc' dir='ltr'>τοῦ</span> <span class='ocrx_word' id='word_1_212' title='bbox 544 3017 694 3102; x_wconf 80' lang='grc' dir='ltr'><em>σώματος</em></span> <span class='ocrx_word' id='word_1_213' title='bbox 716 3018 808 3101; x_wconf 73' lang='grc' dir='ltr'>πάθη</span> <span class='ocrx_word' id='word_1_214' title='bbox 832 3018 985 3104; x_wconf 79' lang='grc' dir='ltr'><em>χείρονα’.</em></span> 
     </span>
    </p>
   </div>
   <div class='ocr_carea' id='block_1_5' title="bbox 103 3181 1276 4142">
    <p class='ocr_par' dir='ltr' id='par_1_7' title="bbox 103 3181 1276 3844">
     <span class='ocr_line' id='line_1_26' title="bbox 194 3181 1275 3242; baseline -0.001 -1"><span class='ocrx_word' id='word_1_215' title='bbox 194 3181 254 3241; x_wconf 86' lang='lat' dir='ltr'>Nec</span> <span class='ocrx_word' id='word_1_216' title='bbox 288 3199 346 3240; x_wconf 93' lang='lat' dir='ltr'>nou</span> <span class='ocrx_word' id='word_1_217' title='bbox 380 3183 459 3240; x_wconf 91' lang='lat' dir='ltr'>iuter</span> <span class='ocrx_word' id='word_1_218' title='bbox 487 3181 638 3241; x_wconf 88' lang='lat' dir='ltr'>Plutarchi</span> <span class='ocrx_word' id='word_1_219' title='bbox 670 3182 794 3242; x_wconf 87' lang='lat' dir='ltr'>schedas</span> <span class='ocrx_word' id='word_1_220' title='bbox 827 3182 1001 3241; x_wconf 81' lang='lat' dir='ltr'>referendus</span> <span class='ocrx_word' id='word_1_221' title='bbox 1030 3192 1075 3241; x_wconf 88' lang='lat' dir='ltr'>est</span> <span class='ocrx_word' id='word_1_222' title='bbox 1107 3181 1183 3241; x_wconf 92' lang='lat' dir='ltr'>alius</span> <span class='ocrx_word' id='word_1_223' title='bbox 1211 3184 1275 3242; x_wconf 87' lang='lat' dir='ltr'>eius</span> 
     </span>
     <span class='ocr_line' id='line_1_27' title="bbox 103 3274 1275 3359; baseline 0.001 -20"><span class='ocrx_word' id='word_1_224' title='bbox 103 3278 223 3341; x_wconf 82' lang='lat' dir='ltr'>libellus</span> <span class='ocrx_word' id='word_1_225' title='bbox 249 3274 401 3358; x_wconf 73' lang='lat' dir='ltr'>‘udrapor</span> <span class='ocrx_word' id='word_1_226' title='bbox 419 3276 459 3339; x_wconf 82' lang='grc' dir='ltr'>τὰ</span> <span class='ocrx_word' id='word_1_227' title='bbox 478 3282 534 3357; x_wconf 78' lang='grc' dir='ltr'>τῆς</span> <span class='ocrx_word' id='word_1_228' title='bbox 552 3284 659 3358; x_wconf 80' lang='grc' dir='ltr'><strong><em>ψυχῆς</em></strong></span> <span class='ocrx_word' id='word_1_229' title='bbox 677 3275 697 3358; x_wconf 74' lang='grc' dir='ltr'><em>ἢ</em></span> <span class='ocrx_word' id='word_1_230' title='bbox 715 3277 755 3339; x_wconf 84' lang='grc' dir='ltr'>τὰ</span> <span class='ocrx_word' id='word_1_231' title='bbox 773 3284 834 3340; x_wconf 85' lang='grc' dir='ltr'>τοῦ</span> <span class='ocrx_word' id='word_1_232' title='bbox 852 3277 1002 3359; x_wconf 80' lang='grc' dir='ltr'><em>σώματος</em></span> <span class='ocrx_word' id='word_1_233' title='bbox 1019 3275 1110 3357; x_wconf 75' lang='grc' dir='ltr'><em>τάθη</em></span> <span class='ocrx_word' id='word_1_234' title='bbox 1129 3275 1275 3359; x_wconf 81' lang='grc' dir='ltr'><em>χείρονιι’</em></span> 
     </span>
     <span class='ocr_line' id='line_1_28' title="bbox 104 3376 1275 3458; baseline 0 -22"><span class='ocrx_word' id='word_1_235' title='bbox 104 3380 278 3458; x_wconf 83' lang='lat' dir='ltr'>inscriptus,</span> <span class='ocrx_word' id='word_1_236' title='bbox 304 3379 355 3454; x_wconf 93' lang='lat' dir='ltr'>qui</span> <span class='ocrx_word' id='word_1_237' title='bbox 379 3380 477 3455; x_wconf 84' lang='lat' dir='ltr'>magni</span> <span class='ocrx_word' id='word_1_238' title='bbox 501 3376 586 3436; x_wconf 92' lang='lat' dir='ltr'>uobis</span> <span class='ocrx_word' id='word_1_239' title='bbox 610 3379 667 3436; x_wconf 89' lang='lat' dir='ltr'>erit</span> <span class='ocrx_word' id='word_1_240' title='bbox 691 3379 787 3455; x_wconf 91' lang='lat' dir='ltr'>pretii.</span> <span class='ocrx_word' id='word_1_241' title='bbox 812 3411 854 3419; x_wconf 95' lang='lat'>—</span> <span class='ocrx_word' id='word_1_242' title='bbox 878 3377 970 3437; x_wconf 87' lang='lat' dir='ltr'>Cuius</span> <span class='ocrx_word' id='word_1_243' title='bbox 994 3379 1023 3436; x_wconf 93' lang='lat' dir='ltr'>in</span> <span class='ocrx_word' id='word_1_244' title='bbox 1049 3377 1206 3436; x_wconf 87' lang='lat' dir='ltr'>voluminis</span> <span class='ocrx_word' id='word_1_245' title='bbox 1230 3395 1275 3436; x_wconf 92' lang='lat' dir='ltr'>ca-</span> 
     </span>
     <span class='ocr_line' id='line_1_29' title="bbox 103 3471 1275 3554; baseline -0.001 -20"><span class='ocrx_word' id='word_1_246' title='bbox 103 3477 167 3554; x_wconf 88' lang='lat' dir='ltr'>pite</span> <span class='ocrx_word' id='word_1_247' title='bbox 192 3471 210 3535; x_wconf 92' lang='lat'>1</span> <span class='ocrx_word' id='word_1_248' title='bbox 236 3474 453 3535; x_wconf 86' lang='lat' dir='ltr'>Chauroueusis</span> <span class='ocrx_word' id='word_1_249' title='bbox 481 3475 622 3553; x_wconf 86' lang='lat' dir='ltr'>postulat,</span> <span class='ocrx_word' id='word_1_250' title='bbox 652 3483 684 3534; x_wconf 94' lang='lat' dir='ltr'>ut</span> <span class='ocrx_word' id='word_1_251' title='bbox 712 3475 747 3534; x_wconf 87' lang='lat' dir='ltr'>ad</span> <span class='ocrx_word' id='word_1_252' title='bbox 775 3473 903 3533; x_wconf 92' lang='lat' dir='ltr'>hominis</span> <span class='ocrx_word' id='word_1_253' title='bbox 931 3474 1004 3534; x_wconf 91' lang='lat' dir='ltr'>mala</span> <span class='ocrx_word' id='word_1_254' title='bbox 1033 3477 1201 3534; x_wconf 89' lang='lat' dir='ltr'>accuratius</span> <span class='ocrx_word' id='word_1_255' title='bbox 1229 3493 1275 3533; x_wconf 92' lang='lat' dir='ltr'>co-</span> 
     </span>
     <span class='ocr_line' id='line_1_30' title="bbox 105 3567 1276 3651; baseline -0.002 -19"><span class='ocrx_word' id='word_1_256' title='bbox 105 3573 289 3651; x_wconf 81' lang='lat' dir='ltr'>gnoscenda,</span> <span class='ocrx_word' id='word_1_257' title='bbox 322 3575 418 3631; x_wconf 90' lang='lat' dir='ltr'>animo</span> <span class='ocrx_word' id='word_1_258' title='bbox 452 3575 569 3651; x_wconf 87' lang='lat' dir='ltr'>corpori</span> <span class='ocrx_word' id='word_1_259' title='bbox 603 3574 752 3650; x_wconf 88' lang='lat' dir='ltr'>opposito,</span> <span class='ocrx_word' id='word_1_260' title='bbox 786 3589 962 3648; x_wconf 86' lang='lat' dir='ltr'>quaeramus</span> <span class='ocrx_word' id='word_1_261' title='bbox 991 3582 1091 3631; x_wconf 91' lang='lat' dir='ltr'>utrum</span> <span class='ocrx_word' id='word_1_262' title='bbox 1120 3568 1188 3632; x_wconf 73' lang='lat' dir='ltr'>‘ded</span> <span class='ocrx_word' id='word_1_263' title='bbox 1215 3567 1276 3650; x_wconf 81' lang='grc' dir='ltr'>τὴν</span> 
     </span>
     <span class='ocr_line' id='line_1_31' title="bbox 104 3663 1275 3751; baseline -0.002 -21"><span class='ocrx_word' id='word_1_264' title='bbox 104 3667 210 3751; x_wconf 78' lang='grc' dir='ltr'><em>τύχην</em></span> <span class='ocrx_word' id='word_1_265' title='bbox 240 3666 260 3749; x_wconf 73' lang='grc' dir='ltr'><em>ἢ</em></span> <span class='ocrx_word' id='word_1_266' title='bbox 289 3663 334 3730; x_wconf 81' lang='lat' dir='ltr'>dr&#39;</span> <span class='ocrx_word' id='word_1_267' title='bbox 360 3664 496 3742; x_wconf 80' lang='grc' dir='ltr'><em>ἑαυτοὺς</em></span> <span class='ocrx_word' id='word_1_268' title='bbox 524 3665 731 3749; x_wconf 79' lang='grc' dir='ltr'><em>ἀθλιώτερον</em></span> <span class='ocrx_word' id='word_1_269' title='bbox 761 3665 884 3748; x_wconf 69' lang='lat' dir='ltr'>topev’.</span> <span class='ocrx_word' id='word_1_270' title='bbox 931 3668 989 3728; x_wconf 92' lang='lat' dir='ltr'>lam</span> <span class='ocrx_word' id='word_1_271' title='bbox 1021 3670 1100 3729; x_wconf 90' lang='lat' dir='ltr'>vides</span> <span class='ocrx_word' id='word_1_272' title='bbox 1129 3672 1216 3729; x_wconf 85' lang='lat' dir='ltr'>etiam</span> <span class='ocrx_word' id='word_1_273' title='bbox 1245 3672 1275 3728; x_wconf 94' lang='lat' dir='ltr'>iu</span> 
     </span>
     <span class='ocr_line' id='line_1_32' title="bbox 107 3768 711 3844; baseline -0.003 -17"><span class='ocrx_word' id='word_1_274' title='bbox 107 3768 161 3828; x_wconf 92' lang='lat' dir='ltr'>hac</span> <span class='ocrx_word' id='word_1_275' title='bbox 185 3769 432 3828; x_wconf 86' lang='lat' dir='ltr'>commentatione</span> <span class='ocrx_word' id='word_1_276' title='bbox 456 3768 491 3826; x_wconf 92' lang='lat' dir='ltr'>de</span> <span class='ocrx_word' id='word_1_277' title='bbox 517 3768 633 3827; x_wconf 83' lang='lat' dir='ltr'>fortuna</span> <span class='ocrx_word' id='word_1_278' title='bbox 657 3770 711 3844; x_wconf 83' lang='lat' dir='ltr'>agi.</span> 
     </span>
    </p>

    <p class='ocr_par' dir='ltr' id='par_1_8' title="bbox 108 3863 1276 4142">
     <span class='ocr_line' id='line_1_33' title="bbox 197 3863 1276 3944; baseline 0 -20"><span class='ocrx_word' id='word_1_279' title='bbox 197 3869 237 3925; x_wconf 78' lang='lat' dir='ltr'>ilc</span> <span class='ocrx_word' id='word_1_280' title='bbox 261 3867 439 3944; x_wconf 92' lang='lat' dir='ltr'>principium</span> <span class='ocrx_word' id='word_1_281' title='bbox 464 3866 582 3943; x_wconf 83' lang='lat' dir='ltr'>quidem</span> <span class='ocrx_word' id='word_1_282' title='bbox 608 3865 814 3942; x_wconf 85' lang='lat' dir='ltr'>disputationis</span> <span class='ocrx_word' id='word_1_283' title='bbox 839 3866 950 3942; x_wconf 88' lang='lat' dir='ltr'>petitur</span> <span class='ocrx_word' id='word_1_284' title='bbox 974 3883 990 3923; x_wconf 91' lang='lat' dir='ltr'><strong>a</strong></span> <span class='ocrx_word' id='word_1_285' title='bbox 1012 3883 1099 3924; x_wconf 82' lang='lat' dir='ltr'>versu</span> <span class='ocrx_word' id='word_1_286' title='bbox 1119 3863 1276 3924; x_wconf 87' lang='lat' dir='ltr'>Homerico</span> 
     </span>
     <span class='ocr_line' id='line_1_34' title="bbox 108 3956 1275 4046; baseline -0.003 -23"><span class='ocrx_word' id='word_1_287' title='bbox 108 3956 153 4045; x_wconf 90' lang='lat' dir='ltr'>(P</span> <span class='ocrx_word' id='word_1_288' title='bbox 165 3956 260 4046; x_wconf 78' lang='lat'><strong>446),</strong></span> <span class='ocrx_word' id='word_1_289' title='bbox 293 3981 352 4041; x_wconf 92' lang='lat' dir='ltr'>quo</span> <span class='ocrx_word' id='word_1_290' title='bbox 381 3970 466 4040; x_wconf 94' lang='lat' dir='ltr'>poeta</span> <span class='ocrx_word' id='word_1_291' title='bbox 494 3962 600 4021; x_wconf 92' lang='lat' dir='ltr'>edocet</span> <span class='ocrx_word' id='word_1_292' title='bbox 627 3963 810 4022; x_wconf 91' lang='lat' dir='ltr'>miseriorem</span> <span class='ocrx_word' id='word_1_293' title='bbox 839 3980 904 4021; x_wconf 87' lang='lat' dir='ltr'>esse</span> <span class='ocrx_word' id='word_1_294' title='bbox 933 3960 1086 4021; x_wconf 92' lang='lat' dir='ltr'>hominum</span> <span class='ocrx_word' id='word_1_295' title='bbox 1116 3963 1275 4022; x_wconf 88' lang='lat' dir='ltr'>bestiarum</span> 
     </span>
     <span class='ocr_line' id='line_1_35' title="bbox 109 4054 1276 4142; baseline 0 -21"><span class='ocrx_word' id='word_1_296' title='bbox 109 4061 292 4121; x_wconf 89' lang='lat' dir='ltr'>condicione.</span> <span class='ocrx_word' id='word_1_297' title='bbox 339 4059 481 4120; x_wconf 88' lang='lat' dir='ltr'>Similiter</span> <span class='ocrx_word' id='word_1_298' title='bbox 504 4059 579 4119; x_wconf 85' lang='lat' dir='ltr'>Plut</span> <span class='ocrx_word' id='word_1_299' title='bbox 604 4054 661 4118; x_wconf 74' lang='lat' dir='ltr'>‘De</span> <span class='ocrx_word' id='word_1_300' title='bbox 681 4055 760 4119; x_wconf 64' lang='lat' dir='ltr'>fort?</span> <span class='ocrx_word' id='word_1_301' title='bbox 780 4058 813 4140; x_wconf 86' lang='lat'>3,</span> <span class='ocrx_word' id='word_1_302' title='bbox 832 4057 909 4122; x_wconf 75' lang='lat'><strong>981)</strong></span> <span class='ocrx_word' id='word_1_303' title='bbox 932 4061 1017 4121; x_wconf 89' lang='lat' dir='ltr'>dicit:</span> <span class='ocrx_word' id='word_1_304' title='bbox 1045 4056 1138 4142; x_wconf 54' lang='grc' dir='ltr'>ςτύχῃ</span> <span class='ocrx_word' id='word_1_305' title='bbox 1161 4080 1198 4138; x_wconf 80' lang='grc' dir='ltr'>γε</span> <span class='ocrx_word' id='word_1_306' title='bbox 1221 4055 1276 4121; x_wconf 82' lang='grc' dir='ltr'>καὶ</span> 
     </span>
    </p>
   </div>
   <div class='ocr_carea' id='block_1_6' title="bbox 86 4303 1334 4478">
    <p class='ocr_par' dir='ltr' id='par_1_9' title="bbox 86 4303 1334 4478">
     <span class='ocr_line' id='line_1_36' title="bbox 185 4303 1334 4398; baseline -0.025 -11"><span class='ocrx_word' id='word_1_307' title='bbox 185 4321 213 4387; x_wconf 79' lang='lat'>1)</span> <span class='ocrx_word' id='word_1_308' title='bbox 238 4319 279 4375; x_wconf 76' lang='lat' dir='ltr'>Cf·</span> <span class='ocrx_word' id='word_1_309' title='bbox 305 4320 341 4372; x_wconf 79' lang='lat' dir='ltr'>de</span> <span class='ocrx_word' id='word_1_310' title='bbox 366 4322 422 4376; x_wconf 89' lang='lat' dir='ltr'>hoc</span> <span class='ocrx_word' id='word_1_311' title='bbox 442 4321 562 4392; x_wconf 83' lang='lat' dir='ltr'>libello,</span> <span class='ocrx_word' id='word_1_312' title='bbox 590 4343 679 4397; x_wconf 89' lang='lat' dir='ltr'>quem</span> <span class='ocrx_word' id='word_1_313' title='bbox 695 4323 854 4398; x_wconf 74' lang='lat' dir='ltr'>Xyluuder</span> <span class='ocrx_word' id='word_1_314' title='bbox 872 4340 939 4379; x_wconf 73' lang='lat' dir='ltr'>uun</span> <span class='ocrx_word' id='word_1_315' title='bbox 953 4322 1041 4377; x_wconf 65' lang='lat' dir='ltr'>rests</span> <span class='ocrx_word' id='word_1_316' title='bbox 1056 4336 1080 4372; x_wconf 79' lang='lat' dir='ltr'>s.</span> <span class='ocrx_word' id='word_1_317' title='bbox 1091 4311 1262 4368; x_wconf 49' lang='lat' dir='ltr'>thumum</span> <span class='ocrx_word' id='word_1_318' title='bbox 1277 4303 1334 4352; x_wconf 59' lang='lat' dir='ltr'>oso·</span> 
     </span>
     <span class='ocr_line' id='line_1_37' title="bbox 86 4393 779 4478; baseline 0.03 -32"><span class='ocrx_word' id='word_1_319' title='bbox 86 4393 236 4465; x_wconf 77' lang='lat' dir='ltr'>iudicarit,</span> <span class='ocrx_word' id='word_1_320' title='bbox 264 4399 496 4478; x_wconf 85' lang='lat' dir='ltr'>Volkmuunum,</span> <span class='ocrx_word' id='word_1_321' title='bbox 518 4406 667 4465; x_wconf 75' lang='lat' dir='ltr'>Plutarch</span> <span class='ocrx_word' id='word_1_322' title='bbox 687 4407 717 4465; x_wconf 82' lang='lat' dir='ltr'>ll</span> <span class='ocrx_word' id='word_1_323' title='bbox 731 4415 779 4467; x_wconf 71' lang='lat' dir='ltr'>bb.</span> 
     </span>
    </p>
   </div>
   <div class='ocr_carea' id='block_1_7' title="bbox 0 0 1385 4656">
    <p class='ocr_par' dir='ltr' id='par_1_10' title="bbox 0 0 1385 4656">
     <span class='ocr_line' id='line_1_38' title="bbox 0 0 1385 4656; baseline 0 0"><span class='ocrx_word' id='word_1_324' title='bbox 0 0 1385 4656; x_wconf 95' lang='lat' dir='ltr'> </span> 
     </span>
    </p>
   </div>
  </div>
 </body>
</html>
