2754 4656
515 294 757 358 —103-

73 475 184 550 εσθαι,
217 471 399 554 οἰνοχοεῖν,
432 470 618 547 ὀψοποιεῖν’
648 493 736 553 opera
766 495 800 534 ac
828 474 928 535 labore
958 476 1073 536 discere
1102 477 1219 564 debere,

73 573 180 630 uoniam
214 565 315 632 ‘cant’
349 570 429 632 άνευ
461 577 522 632 τοῦ
554 576 677 652 μαθεῖν
710 568 771 634 οὐκ
798 571 867 633 ἔστι
895 573 1063 652 χρησίμως
1090 573 1219 636 ποιεῖν’.

73 666 151 728 adem
166 672 282 747 negotia
298 670 456 730 cottidiana
473 672 503 729 in
519 670 594 729 libro
610 667 663 730 ‘De
678 667 757 731 lort’
772 671 939 748 laudantur,
957 670 1006 731 uhi
1022 673 1058 731 cl.
1075 691 1099 731 c.
1110 668 1131 732 5
1143 675 1218 733 init:

73 764 253 845 ιουσικην
282 761 427 847 (τέχνην)
458 763 529 848 (Sin
549 764 668 829 virtus’:
692 762 846 852 ψάλλειν)
874 762 1026 848 καὶπερὶ
1051 767 1217 848 ἄρτυσιν

73 865 164 944 lov,
200 860 243 943 ἣν
280 863 474 944 μαγειρικὴν
508 861 727 945 ὀνομάζομεν’
761 858 831 948 (du
861 861 981 926 virtus':
1019 862 1215 950 ὀψοποιεῖν).

73 961 131 1020 nno
150 962 226 1021 inira
247 962 385 1040 legimus:
404 959 495 1035 ‘rode
513 981 546 1022 τε
566 960 687 1035 παῖδας
705 957 760 1023 καὶ
778 959 1019 1024 ὑποδεῖσθαι
1039 958 1093 1025 καὶ
1107 981 1215 1045 περι-

73 1052 257 1120 ίλλεσθαι
272 1057 485 1139 διδάσκομεν’
501 1056 572 1142 (Sin
589 1057 708 1122 virtus':
723 1057 977 1122 ςὑποδεῖσθαι
991 1058 1214 1141 μανθάνουσι,

73 1152 353 1237 ῑριβάλλεσθαι
372 1152 425 1218 καὶ
445 1152 678 1241 ἀλείφεσθαί),
703 1168 732 1217 et
751 1160 781 1217 in
802 1161 897 1236 capite
918 1157 937 1218 6
957 1158 1034 1218 ΡΙυι.
1055 1167 1141 1236 negat
1161 1178 1215 1220 nos

73 1268 127 1314 sse
162 1249 319 1333 ‘evulgem
351 1251 543 1332 άμουσον’
581 1249 652 1339 (Ἃιι
682 1252 803 1317 virtus’:
841 1249 994 1338 ψάλλειν)
1029 1256 1071 1315 vel
1106 1251 1215 1318 ‘dva-

74 1348 276 1426 γινώσκειν
318 1347 589 1431 άγράμματον’
632 1349 703 1432 (tan
736 1349 855 1413 virtus’:
899 1350 1214 1432 ἀναγιγνώσκειν

73 1443 258 1533 ιάμματα)
289 1448 331 1507 vel
359 1445 557 1511 Ἵππεύειν
586 1447 743 1512 άνιππον’
768 1446 839 1534 (Ἃυ
860 1446 979 1510 virtus':
1009 1445 1214 1534 ἱππεύειν).

127 1546 323 1607 Concluditnr
342 1543 397 1606 ‘Au
418 1543 523 1608 virtus'
544 1547 559 1609 1
578 1550 627 1609 lin.
652 1567 687 1608 ex
711 1548 758 1608 his
782 1549 925 1627 exemplis
946 1552 1078 1625 ineptum
1098 1556 1213 1609 tantum

73 1646 186 1703 minem
211 1643 334 1703 credere
354 1662 441 1722 posse
460 1644 533 1704 haec
553 1647 650 1705 omnia
672 1664 724 1704 nos
744 1664 813 1705 sane
833 1646 949 1705 discere
969 1645 1086 1717 debere,
1111 1655 1211 1705 contra

73 1759 85 1797 ι
110 1734 148 1802 εὖ
168 1737 278 1820 βιοῦν’
299 1760 363 1801 esse
384 1736 577 1802 “άδίδακτον
596 1735 650 1801 καὶ
669 1739 793 1820 άλογον
812 1736 866 1803 καὶ
886 1741 1025 1822 άτεχνον
1043 1736 1097 1802 καὶ
1116 1739 1212 1804 αὐτό-

73 1837 167 1919 ττον’;
197 1839 233 1898 cf.
262 1841 370 1899 iterum
395 1836 448 1898 ‘De
468 1834 548 1900 sort?
568 1836 681 1899 oluit:
710 1835 918 1917 θαυμαστὸν
947 1830 1008 1900 οὖν
1032 1835 1116 1919 ἐστι,
1143 1849 1212 1914 πῶς

98 1930 160 2017 μὲν
186 1931 297 2017 τέχναι
321 1942 377 2016 τῆς
400 1933 500 2017 τύχης
523 1932 564 1998 οὐ
588 1932 718 1997 δέονται
741 1935 824 2016 πρὸς
847 1935 883 1999 τὸ
909 1935 1032 1998 οίιιεῖον
1056 1932 1163 2016 τέλος,
1191 1935 1211 2019 ἡ

100 2043 217 2095 πασῶν
245 2034 409 2114 μεγίστη
434 2030 497 2095 καὶ
521 2031 746 2112 τελειοτάτη
770 2030 866 2115 τέχνη
890 2028 945 2094 καὶ
968 2033 1006 2095 τὸ
1029 2032 1210 2112 κεφάλαιον

75 2155 91 2206 ς
116 2128 332 2212 ἀνθρωπίνης
355 2128 519 2212 εὐφημίας
543 2126 596 2193 καὶ
621 2129 821 2205 δικαιώσεως
845 2127 945 2193 οὐδέν
969 2127 1071 2193 ἐστιν’
1092 2140 1121 2200 et
1141 2152 1210 2211 prae

73 2233 145 2290 teris
166 2229 251 2308 paulo
272 2230 347 2289 inira
368 2250 395 2309 p.
411 2227 488 2290 991)
504 2232 593 2291 med:
613 2227 664 2291 ‘rol
684 2223 720 2291 δὲ
739 2225 900 2310 με’γιστα
920 2223 974 2289 καὶ
990 2228 1209 2309 κυριώτατα

79 2375 86 2389 .
116 2324 156 2388 οὐ
179 2328 364 2405 παρακαλεῖ
385 2331 445 2406 την
469 2323 663 2408 ψρόνησιν;’

124 2425 156 2484 ln
187 2428 282 2502 capite
307 2423 327 2485 2
356 2429 523 2486 accuratius
552 2429 710 2504 exponitur
738 2444 790 2486 nos
814 2428 907 2503 ipsam
933 2424 1036 2484 tollere
1062 2427 1210 2506 virtutem,

89 2519 304 2583 ‘dda'dourov’
338 2541 401 2582 eam
435 2542 500 2583 esse
534 2531 711 2602 statuamus,
745 2532 774 2583 et
802 2525 832 2582 in
862 2525 904 2581 cis
939 2540 1012 2600 quae
1042 2534 1209 2600 sequuntur

73 2632 110 2684 n.
137 2624 246 2680 iterum
271 2622 393 2698 respicit
416 2621 450 2680 ad
477 2639 527 2679 eos
552 2623 602 2698 qtri
626 2617 743 2681 ‘iordv'
768 2621 811 2707 rel
835 2614 991 2700 “βιβλίον’
1014 2619 1057 2678 vel
1077 2615 1208 2698 ‘idone'

73 2719 186 2799 hibent,
209 2718 237 2777 id
263 2718 341 2797 quod
366 2717 446 2778 nullo
471 2718 556 2778 modo
581 2719 677 2778 lacere
704 2704 826 2796 possint,
851 2719 954 2777 sinon
974 2719 1067 2795 ipsam
1089 2718 1207 2795 tegendi

73 2819 77 2877 l
108 2816 226 2894 legendi
254 2816 298 2874 vel
327 2816 470 2894 psallendi
493 2825 586 2876 artem
611 2817 778 2876 didicerint.
825 2815 936 2875 Deinde
960 2823 1064 2874 auctor
1088 2814 1206 2874 demon-

73 2924 109 2975 at
138 2914 296 2992 plerosque
325 2932 480 2992 perperam
508 2913 646 2973 arbitrari
676 2932 707 2973 se
736 2909 856 2992 ‘ya'pov
883 2906 937 2973 καὶ
961 2910 1129 2972 πολιτείαν
1153 2905 1207 2973 καὶ

73 3010 141 3094 χὴν
169 3008 470 3091 μεταχειρίσασθαί
498 3029 599 3091 posse,
629 3029 806 3090 quamquam
835 3029 890 3070 nec
919 3028 987 3070 cum
1016 3027 1108 3069 uxore
1133 3009 1207 3070 bene

73 3128 232 3170 nsuescere
252 3128 307 3168 nee
326 3112 371 3169 rei
389 3109 523 3188 publicae
543 3109 717 3169 muneribus
732 3116 798 3186 apte
814 3109 897 3186 iungi
912 3107 1077 3167 didicerint.
1112 3107 1207 3167 Simili

73 3207 122 3268 ›do
155 3207 227 3267 dicit
258 3202 315 3265 ‘lle
337 3203 415 3266 lort'
439 3225 463 3266 c.
484 3204 518 3286 6,
550 3215 706 3284 postquam
739 3206 988 3265 eadem‘ratioue
1021 3211 1109 3282 atque
1142 3204 1206 3264 loco

76 3323 123 3365 em
158 3312 318 3363 tractamus
350 3305 468 3381 negavit
500 3303 648 3363 hominem
682 3301 826 3380 συρίζειν
858 3320 945 3380 posse
978 3299 1128 3380 άμονσον
1162 3303 1206 3362 vel

73 3398 297 3480 ἀγιγνώσκειν
329 3396 555 3480 άγράμματον;
586 3396 906 3478 επαρακελευόμενος
934 3443 968 3459 ..
998 3394 1041 3478 μη
1070 3394 1205 3480 άρχειν
1256 3438 1260 3443 -

73 3499 206 3578 ιόητον
236 3495 317 3558 ὄντα
341 3546 346 3558 .
367 3543 374 3557 .
398 3490 480 3578 μηδὲ
508 3504 649 3577 γαμεῖν
678 3493 904 3575 κρατούμενον
931 3491 995 3556 ὑπὸ
1024 3493 1206 3575 γυναικός’;

98 3595 296 3656 ultimahaec
322 3594 409 3655 verba
433 3594 569 3655 conferre
593 3597 673 3655 iuvat
697 3597 785 3654 etiam
809 3589 862 3652 ‘lle
882 3594 948 3652 virt.
968 3601 997 3652 et
1017 3587 1078 3652 vit’
1097 3590 1206 3674 2init,

72 3692 257 3772 etranquill.
278 3689 336 3752 an'
357 3690 398 3753 12
414 3692 503 3770 med,
531 3691 583 3751 ubi
610 3692 720 3752 eisdem
751 3690 885 3750 versibus
912 3691 1032 3749 comicis
1056 3681 1206 3773 (Meiueke

91 3785 150 3873 57)
174 3792 332 3868 exponitur
357 3808 443 3868 quam
468 3798 555 3868 turpe
579 3790 618 3848 sit
641 3790 667 3848 si
690 3784 722 3866 ‘al
745 3785 830 3867 γυνη
853 3793 968 3868 κρατεῖ
988 3782 1143 3848 πάντυν’.
1162 3821 1204 3830 -

73 3909 109 3949 nn
130 3897 189 3948 tota
209 3889 355 3947 sententia
375 3887 450 3946 bene
470 3888 608 3946 convenit
627 3881 680 3945 ‘lle
697 3879 777 3945 lort'
796 3904 820 3945 c.
835 3883 930 3945 linit.
950 3917 990 3926 —
1011 3883 1043 3942 ln
1063 3886 1205 3962 proximis
1243 3877 1245 3881 ’

73 3994 109 4046 nt.
135 3992 235 4044 narrat
264 3984 463 4062 paedagogum
493 3984 640 4061 quendam
668 4002 682 4043 a
706 3983 836 4062 Diogene
860 3981 1026 4061 vapulasse,
1054 3999 1122 4041 cum
1146 3981 1203 4041 dis·

73 4083 168 4144 >ultim
192 4100 279 4142 suum
303 4081 434 4142 modeste
459 4081 566 4141 edendi
588 4089 681 4141 artem
700 4099 758 4141 non
779 4081 850 4140 satis
869 4079 1026 4157 diligenter
1045 4078 1205 4159 docuisset,

77 4200 92 4241 a
125 4178 278 4239 historiola
305 4179 381 4239 Plut.
410 4181 547 4239 evincere
578 4179 640 4238 vult
667 4197 722 4239 nos
751 4197 787 4238 ne
815 4177 903 4237 edere
932 4175 1051 4255 quidem
1079 4176 1203 4237 honeste

75 4297 136 4358 sse,
164 4279 221 4336 nisi
245 4279 302 4336 iam
326 4295 341 4336 a
366 4278 468 4354 pueris
491 4277 519 4336 id
544 4277 749 4356 didicerimus,
778 4294 831 4335 nec
855 4273 939 4334 aliter
963 4270 1016 4334 ‘De
1036 4269 1115 4334 fort'
1138 4269 1204 4335 c.5

73 4393 196 4436 erorum
220 4375 424 4435 educationem
449 4372 613 4458 collaudat,
634 4391 652 4435 e
675 4391 736 4456 qua
753 4372 839 4435 idem
857 4371 924 4433 iere
945 4370 1105 4431 concludo
1120 4378 1218 4440 osope
