2754 4656
574 268 816 331 —117-

188 449 255 527 lpsa
279 448 412 526 exempla
435 450 466 507 in
489 447 506 507 Ι.
526 443 581 508 ‘An
604 443 758 508 vitiositas'
783 467 886 526 niagno
906 468 941 507 ex
962 457 1045 526 parte
1067 449 1174 527 Cynica
1194 451 1279 510 sonti

101 565 155 608 nec
183 565 252 605 vero
281 545 365 606 licuit
394 544 548 605 Gieseclio
577 541 619 623 (p.
640 538 697 629 69)
725 546 801 606 hanc
829 532 868 605 oh
896 564 1015 606 causam
1044 548 1182 607 conicere
1210 546 1276 608 Plu·

102 644 235 704 tarchum
258 643 496 723 Borysthenitam
521 645 621 723 sequi,
644 646 820 722 praesertim
845 662 913 703 cum
937 645 1025 703 etiam
1050 643 1198 724 Socrates,
1222 644 1276 704 De·

101 745 164 802 cius
187 742 352 821 Romanus,
381 741 522 801 Indorum
551 740 810 820 gymnosophistae
835 743 887 819 qui
911 741 1053 822 dicuntur
1077 759 1091 801 a
1116 741 1275 802 Plutarcho

101 839 313 900 collaudentur.
718 885 720 889 ,

187 938 228 996 hc
257 939 385 1014 primum
415 937 534 1014 quidem
563 939 687 996 reicitur
715 944 874 1015 paupertas
898 935 1048 997 Metroclis
1072 937 1202 997 Cratetei
1226 955 1274 996 ex·

100 1034 208 1114 cmpl03
227 1053 282 1094 nec
302 1034 387 1093 aliter
407 1033 482 1093 Plut.
503 1043 590 1111 negat
610 1042 814 1113 paupertatem
835 1033 944 1093 malum
964 1053 1030 1094 esse
1051 1031 1103 1094 ‘De
1124 1033 1273 1111 tranquill.

100 1127 156 1191 ait’
179 1150 203 1191 c.
225 1129 244 1192 6
275 1139 303 1190 et
327 1127 380 1190 ‘De
404 1133 469 1190 virt.
490 1139 519 1190 et
539 1127 599 1192 vit'
624 1150 648 1191 o.
670 1129 754 1191 ltin.
778 1163 820 1173 -
845 1129 1019 1209 Sequuntur
1048 1127 1196 1192 ‘devicto
1219 1125 1275 1191 καὶ

99 1226 201 1309 δεσμοὶ
219 1223 273 1289 καὶ
292 1223 432 1307 πρᾶσις’,
452 1247 527 1306 quae
549 1228 620 1289 nihil
634 1229 670 1289 ad
686 1228 900 1288 beatitudinem
917 1237 1047 1288 nostram
1064 1227 1273 1288 debilitandam

100 1326 193 1386 valere
222 1327 360 1405 Diogenis
394 1326 473 1385 dicto
502 1326 628 1404 quodam
658 1326 882 1405 comprobatur,
915 1344 974 1405 quo
1003 1330 1092 1386 etiam
1120 1327 1274 1387 Musonius

98 1443 168 1484 rastis
193 1417 272 1506 est¹)
300 1427 408 1501 cuique
437 1424 532 1482 simile
559 1422 649 1483 hahes
673 1418 726 1483 ‘De
746 1423 895 1502 tranquill.
916 1419 973 1484 an.'
998 1444 1022 1486 c.
1042 1421 1072 1487 4.
1118 1422 1183 1494 Quo
1207 1424 1271 1484 loco

97 1521 234 1599 Diogenis
254 1520 469 1599 apophthegma
485 1521 615 1581 Socratis
634 1524 665 1581 in
686 1540 806 1581 carcere
826 1539 894 1581 cum
914 1524 1017 1581 amicis
1035 1521 1269 1600 philosophantis

97 1618 230 1698 exemplo
259 1622 419 1697 excipitur,
453 1638 506 1678 neo
535 1637 594 1678 non
623 1615 680 1677 ‘An
705 1614 813 1679 vitios.'
841 1619 858 1678 Ι.
878 1618 896 1679 Ι.
942 1621 1103 1697 Diogenem
1133 1621 1269 1698 sequitur

97 1717 234 1777 Socrates
256 1710 343 1796 ‘poll'
363 1711 518 1788 εὐκόλως’
537 1716 675 1794 ροοοΙοω
696 1734 809 1776 veneno
829 1716 977 1794 repletum
996 1717 1182 1778 exhauriens.
1216 1713 1268 1776 ‘De

97 1814 244 1893 tranquill.
265 1809 322 1874 an'
347 1814 363 1873 Ι.
379 1812 398 1873 Ι.
422 1816 583 1891 accipimus
608 1814 760 1874 Socratem
787 1822 854 1873 ante
879 1823 1005 1874 mortem
1029 1813 1267 1894 philosophatum

95 1931 159 1973 esse
180 1930 247 1973 cum
268 1912 435 1991 discipulis3
455 1911 511 1970 hoc
531 1908 603 1971 loco
615 1911 711 1971 solum
730 1923 979 1972 commemoratur
999 1931 1093 1990 aequo
1113 1931 1146 1972 ac
1162 1930 1268 1972 sereno

94 2013 191 2070 animo
211 2028 279 2069 eum
300 2019 448 2068 mortuum
467 2027 546 2089 esse3
566 2018 727 2088 utrumque
742 2012 933 2087 coniungitur
947 2012 977 2069 in
993 2008 1084 2069 libelli
1099 2005 1152 2069 ‘De
1167 2006 1268 2068 exilio'

93 2107 215 2166 exordio
240 2100 449 2189 (Σωκράτης
472 2099 509 2166 dl
534 2103 709 2187 φάρμακον
732 2105 840 2167 πίνων
863 2101 1094 2188 ἐφιλοσόφεί),
1119 2126 1206 2186 quem
1226 2106 1266 2166 lo·

94 2223 161 2264 cum
191 2223 226 2263 ex
250 2204 352 2263 eodem
379 2211 466 2282 atque
492 2204 599 2265 librum
624 2200 676 2264 ‘De
697 2204 845 2282 tranquill.
867 2200 924 2264 an.'
949 2207 1160 2265 commentario
1184 2204 1265 2264 elliu·

93 2303 173 2361 iisse
193 2320 282 2379 supra
302 2303 434 2381 exposui,
458 2301 493 2360 ad
514 2320 601 2380 quem
622 2305 709 2361 ctiam
729 2302 809 2362 hunc
831 2303 1063 2379 scriptiunculae
1084 2299 1139 2362 ‘An
1160 2296 1267 2362 vitios'

92 2399 190 2460 locum
216 2399 328 2459 referre
353 2417 520 2476 possumus¹

183 2497 327 2556 Nimirum
353 2497 442 2557 huius
466 2498 571 2574 capitis
595 2496 673 2575 quod
698 2499 899 2557 examinamus
923 2496 1056 2576 exempla
1078 2496 1265 2557 Chaeronen-

92 2597 135 2656 sis
159 2614 194 2655 ex
219 2596 308 2654 variis
332 2593 521 2654 collectaneis
545 2597 709 2673 contexuit3
734 2596 776 2654 sic
801 2594 932 2655 Socratis
956 2604 986 2654 ct
1009 2594 1148 2672 Diogenis
1172 2612 1264 2654 enaru-

90 2695 162 2753 tiata
182 2711 217 2752 cx
238 2711 297 2752 uno
316 2700 456 2769 excerpto
477 2693 594 2771 petivit3
614 2700 716 2751 contra
737 2711 770 2751 ca
791 2711 865 2771 quae
885 2699 1052 2771 sequuntur
1067 2691 1184 2750 aliunde
1200 2695 1263 2751 siue

90 2790 183 2850 dubio
204 2790 260 2849 sibi
279 2791 452 2869 assurnpsit3
473 2799 597 2848 mortem
617 2791 694 2848 enim
715 2791 782 2867 igne
802 2800 953 2867 acceptam
973 2789 1080 2848 malum
1096 2807 1161 2848 esse
1177 2799 1264 2866 negat

90 2889 174 2948 Decii
199 2898 228 2947 et
251 2886 392 2947 indorum
416 2880 468 2969 (cl.
492 2885 733 2947 Cic.'l11scul.V
754 2879 811 2968 78)
836 2886 977 2963 exemplis
1001 2884 1104 2944 allatis.

181 2983 301 3044 Maioris
326 2986 466 3043 momenti
490 2991 559 3043 sunt
583 3002 616 3044 ea
641 3003 715 3063 quac
740 2992 916 3065 sequuntur,
940 2982 992 3043 uhi
1016 2991 1120 3042 auctor
1143 3002 1264 3062 operam

89 3084 142 3143 dat
169 3093 201 3143 ut
230 3081 315 3141 nohis
344 3082 521 3159 persuadeat
550 3085 669 3141 minime
694 3100 747 3159 pro
771 3081 847 3141 malo
869 3079 1038 3140 habendum
1062 3098 1140 3160 csse,
1169 3083 1195 3141 si
1219 3078 1263 3157 ‘effi

89 3176 209 3252 οὐσίας
236 3181 386 3260 λαμπρᾶς
412 3173 466 3238 καὶ
494 3180 606 3239 οίκου
633 3173 687 3239 καὶ
715 3173 903 3259 τραπέζης
929 3172 984 3239 καὶ
1007 3177 1264 3252 πολυτελείας

88 3277 138 3350 είς
166 3275 339 3356 τρίβωνα
365 3271 421 3336 καὶ
448 3274 575 3354 πήραν
603 3270 658 3336 nol
685 3277 903 3356 προσαίτησιν
932 3270 1100 3355 ἐφημέρου
1123 3273 1261 3356 τροφῆς

89 3374 299 3455 incidentium,
327 3377 465 3452 quoniam
493 3373 565 3433 haec
590 3374 701 3433 luerint
724 3366 1070 3452 “εὐδαιμονίας’ἀρχαλ
1094 3368 1260 3452 Διογένει,

89 3470 285 3552 ἐλευθερίας
308 3468 484 3552 Κράτητι
507 3465 563 3532 καὶ
587 3466 705 3550 δόξης.

181 3570 290 3647 Aperte
315 3569 372 3629 huc
397 3576 510 3646 spectat
529 3565 583 3628 ‘Dc
604 3567 751 3647 tranquill.
769 3563 827 3627 an’
852 3587 876 3627 c.
896 3565 1009 3627 linia:
1033 3563 1201 3649 Ἶίροίτης
1224 3561 1261 3630 δὲ

87 3668 218 3751 πήραν
250 3665 335 3746 ἔχων
366 3660 421 3727 καὶ
453 3664 627 3746 τρίβωνα
658 3665 783 3739 παίζων
811 3709 844 3725 ..
874 3661 983 3743 ὥσπερ
1014 3659 1050 3723 ἐν
1079 3658 1174 3744 ἑορτῇ
1202 3664 1261 3728 τὸν

88 3765 166 3845 βίον
200 3757 382 3824 διετέλεσε]
434 3763 466 3821 ln
500 3764 633 3823 ciusdem
666 3762 732 3822 libri
768 3764 863 3841 capite
894 3758 934 3821 19
967 3761 1105 3838 legimus:
1139 3757 1261 3823 ‘clato

88 3856 321 3940 πολυτελης’
342 3887 384 3909 =
404 3857 459 3919 ‘An
480 3855 600 3921 vitios':
625 3857 756 3924 ‘alnoo
778 3854 833 3920 καὶ
853 3854 1134 3930 πολυτελείαςὶ
1177 3856 1260 3920 Ὃί-

88 3955 170 4021 κίον’
191 3959 266 4018 redit
285 3959 372 4017 etiam
392 3951 446 4016 ‘De
468 3959 532 4017 virt.
548 3966 578 4018 et
594 3953 689 4020 vit'l
711 3951 763 4040 (cl.
783 3977 807 4018 c.
821 3955 843 4018 4
855 3959 930 4017 init:
949 3950 1151 4035 ὀἰκοδόμει
1170 3975 1260 4037 περι-

88 4051 254 4135 πάτους’);
273 4062 375 4114 contra
391 4050 609 4133 “τραπίξας’
625 4054 710 4115 nobis
730 4054 899 4133 suppeditat
913 4050 966 4113 ‘De
981 4048 1112 4112 lortuna'
1131 4072 1156 4113 c.
1171 4051 1260 4134 ofin„

87 4155 142 4215 ubi
174 4157 263 4213 etiam
295 4152 470 4212 adiectirum
504 4147 764 4224 ‘notantem'
795 4153 934 4211 occurrit.
984 4145 1037 4209 ‘De
1062 4151 1126 4210 virt.
1148 4159 1178 4211 et
1199 4149 1259 4212 vit'

164 4359 193 4425 1)
215 4356 297 4427 ‘11th
317 4361 427 4429 thds’
448 4363 530 4434 apud
552 4363 736 4434 antaeum,
749 4357 995 4424 Dionhl'ltqtb
1004 4342 1216 4416 suffixum.
