2754 4656
613 235 831 298 „90-

224 414 256 474 ln
286 413 361 474 libro
391 409 443 475 ‘lle
468 415 617 495 tranquill.
637 411 695 477 an'
722 415 798 477 Plut.
828 417 915 477 docet
943 428 1077 479 nostrum
1106 436 1171 476 esse
1201 415 1315 476 diiudi-

137 529 205 570 care
231 514 301 591 quid
326 512 436 574 bonum
462 514 591 593 quidque
617 513 723 574 malum
748 516 799 596 sit,
825 535 877 575 neo
902 515 981 576 aliud
1005 517 1063 575 sort
1085 515 1230 575 iudicium
1257 509 1314 572 ‘De

136 606 235 668 exilio'
258 608 342 671 2nn.
389 610 448 671 lam
472 612 620 693 conferas,
645 631 765 694 quaeso,
788 610 841 673 ‘lle
866 615 931 674 virt.
955 622 986 673 ct
1010 609 1070 673 vit’
1094 632 1118 673 c.
1140 610 1233 690 lun,
1259 609 1314 670 ubi

124 709 294 784 exponitur
322 710 482 769 secundam
511 710 658 770 lortunam
688 729 745 770 non
775 711 907 771 habitare
937 715 966 771 in
995 711 1157 790 splendidis
1184 708 1314 768 aedibus

135 805 249 882 ingenti
280 806 356 866 mole
381 810 518 887 argenti,
551 825 705 868 servorum
736 808 926 869 multitudine
957 811 1089 885 refertis3
1121 811 1226 868 immo:
1261 802 1314 867 ‘cb

134 896 239 980 ἡδέως
268 903 325 982 ζῆν
351 898 405 965 καὶ
434 901 554 986 ίλαρῶς
582 902 652 967 οὐκ
680 901 829 980 ἔξωθέν
851 902 974 984 ἐστιν,
1003 901 1086 966 άλλά
1109 901 1314 967 τούναντίον

135 995 153 1061 d
172 997 351 1081 ἄνθρωπος
369 1010 439 1075 τοῖς
457 999 532 1083 περὶ
551 999 653 1064 αὑτὸν
671 1001 860 1083 πράγμασιν
875 999 1003 1083 ἡδονὴν
1016 997 1071 1064 καὶ
1085 998 1182 1083 χάριν
1197 998 1313 1077 ὥσπερ

135 1094 171 1158 ἐκ
198 1105 322 1179 πηγῆς
348 1106 418 1162 τοῦ
446 1098 573 1180 ἤθους
595 1098 837 1183 προστίθησιν,
866 1102 1043 1181 quibuscum
1068 1102 1104 1162 cl.
1129 1096 1182 1160 ‘lle
1207 1096 1314 1160 exilio'

136 1193 219 1255 an.
243 1206 273 1255 et
296 1216 366 1275 prae
390 1200 498 1258 ceteris
523 1196 575 1258 ‘lle
600 1200 749 1277 tranquill.
769 1197 826 1260 an'
849 1198 950 1281 tnn,
979 1201 1029 1260 ubi
1053 1198 1129 1259 Plut.
1154 1200 1312 1278 praecipit,

136 1302 168 1354 ut
192 1290 277 1373 ‘cdv
300 1293 428 1375 πηγὴν
451 1301 508 1376 τῆς
530 1292 693 1377 εὐθυμίας
715 1292 756 1358 ἐν
775 1293 911 1370 αὐτοῖς
930 1287 1035 1358 οὖσαν
1053 1292 1133 1377 ἡμῖν
1153 1291 1314 1357 ἐκκαθαί-

135 1410 257 1471 ρωμεν,
280 1389 335 1453 ίνα
358 1386 412 1453 καὶ
435 1391 480 1453 τά
503 1389 612 1468 ἐκτὸς
630 1392 675 1468 ὡς
694 1393 798 1457 οἰκεία
817 1390 872 1455 καὶ
892 1394 973 1474 φίλα
993 1391 1037 1475 μὴ
1056 1395 1204 1474 χαλεπῶς
1223 1412 1312 1474 χριο-

134 1484 246 1570 μένοις
269 1485 498 1571 σνμφέρηταί,
522 1493 631 1571 quibus
656 1493 768 1553 ultimis
792 1493 890 1552 vorbis
914 1495 1022 1552 mirum
1044 1502 1188 1571 quantum
1207 1509 1243 1550 ea
1263 1509 1312 1550 re·

135 1587 282 1666 spondent
305 1606 380 1667 quae
400 1584 452 1648 ‘ne
473 1592 538 1650 virt.
558 1601 587 1651 et
606 1586 667 1651 vit?
686 1590 704 1653 l.
719 1591 736 1651 l.
756 1598 933 1670 sequuntur,
957 1592 1001 1650 uti
1025 1590 1126 1649 eadem
1151 1590 1314 1670 sententia,

135 1685 255 1744 eaedem
275 1705 370 1768 voces,
390 1688 492 1747 eadem
507 1689 596 1748 fontis
612 1689 774 1749 similitudo
789 1688 823 1747 ad
840 1690 969 1747 animum
985 1705 1126 1747 conversa
1143 1695 1314 1746 recurrant.

136 1783 263 1844 Externa
283 1785 444 1846 infortunia
464 1794 497 1845 ut
517 1788 546 1846 in
566 1786 641 1847 libro
661 1788 697 1846 de
717 1805 776 1866 quo
796 1788 909 1864 agimus
930 1788 972 1845 sic
992 1788 1079 1845 etiam
1099 1785 1130 1844 in
1150 1782 1236 1843 libris
1257 1779 1313 1842 ‘De

135 1881 284 1959 tranquill.
304 1877 362 1943 an'
385 1892 414 1943 et
437 1878 490 1943 ‘lle
511 1880 618 1964 exilio'‚
643 1879 835 1963 saepius‘col
853 1878 1039 1963 πράγματα’
1063 1884 1232 1961 nuncupari
1252 1884 1313 1942 iam

136 1980 275 2059 vidimus3
302 1980 338 2040 cl.
363 1999 387 2041 e.
407 1999 433 2058 g.
458 1977 512 2041 ‘lle
536 1982 686 2061 tranquill.
706 1978 762 2042 an.'
783 1979 895 2061 8init.;
920 1977 975 2061 15,
993 1977 1105 2061 475u3
1129 1975 1182 2040 ‘lle
1207 1976 1313 2039 exilio’

137 2076 165 2156 1,
180 2072 245 2138 599
256 2075 288 2137 B.
325 2072 487 2159 “Ιλαρῶς’
507 2078 597 2139 babes
617 2083 704 2139 etiam
724 2077 777 2139 ‘lle
793 2078 941 2158 tranquill.
958 2074 1015 2139 an?
1036 2076 1148 2159 8init.;
1176 2074 1216 2139 15
1231 2080 1315 2160 init.;

137 2170 189 2234 ‘De
209 2170 309 2234 exilio'
333 2173 432 2237 binit.
482 2172 765 2257 ‘Hpooctdqoc'
799 2177 979 2238 simillimum
1010 2178 1041 2236 in
1069 2176 1189 2237 modum
1219 2179 1314 2237 etiam

137 2377 232 2430 exstat
255 2368 437 2451 deliberatio,
459 2373 489 2430 in
514 2376 692 2433 contrariam
712 2382 826 2435 tantum
845 2381 959 2453 partem
980 2391 1128 2433 conversa.
1167 2367 1221 2432 ‘De
1242 2375 1313 2434 virt.

136 2478 165 2527 et
181 2464 242 2527 vit'
259 2470 337 2527 enim
352 2468 490 2546 legimus:
509 2466 539 2532 ‘b
554 2468 733 2551 ἄνθρωπος
746 2472 986 2551 προστίθησι
1000 2477 1069 2544 τοϊς
1082 2464 1171 2550 περὶ
1185 2467 1313 2532 αὑτὸν

136 2553 359 2645 πράγμασιν
384 2561 541 2648 ἡάονήν’.
566 2603 607 2611 -
632 2568 663 2628 ln
688 2569 705 2629 l.
730 2566 782 2629 ‘lle
802 2565 902 2630 exilio'
925 2577 1027 2628 contra
1052 2568 1195 2628 habemus
1221 2569 1311 2630 baec:

137 2658 168 2741 ‘lq
193 2660 280 2742 ψυχὴ
303 2670 386 2737 τοῖς
408 2662 607 2746 πράγμασι
629 2663 786 2740 πολλάκις
808 2667 850 2728 τὸ
873 2663 983 2750 βάρος
1002 2660 1035 2741 ἐξ
1054 2661 1154 2745 αὑτῆς
1172 2665 1311 2745 προστί-

136 2757 260 2840 θησιν’,
293 2764 337 2821 uti
368 2762 497 2823 dubitari
530 2773 658 2842 nequeat
687 2767 757 2842 qnin
786 2764 863 2843 apud
891 2763 1041 2824 Plutarchi
1070 2773 1223 2823 auctorem
1252 2764 1312 2824 hae

136 2859 211 2919 duae
235 2861 398 2920 sententiae
423 2879 489 2921 cum
515 2861 548 2920 ad
572 2856 700 2940 ἡδονήν
720 2871 781 2920 tum
801 2861 836 2921 ad
856 2857 959 2942 βάρος
978 2870 1154 2941 spectantes,
1178 2879 1310 2940 quorum

137 2964 297 3035 utrumque
326 2976 362 3017 ex
389 2960 454 3036 ipso
483 2961 579 3019 animo
603 2958 731 3019 humano
755 2961 880 3018 maxime
905 2961 1030 3039 oriatur,
1058 2960 1236 3019 coniunctae
1260 2977 1310 3018 ex-

137 3056 280 3136 stiterint,
304 3055 381 3117 Plut.
406 3064 517 3136 autem,
546 3058 666 3116 cumin
692 3074 760 3116 suas
784 3058 977 3134 cogitationes
1001 3075 1059 3116 non
1084 3056 1251 3135 quadrant,
1277 3058 1308 3115 in

137 3150 230 3212 altero
254 3150 329 3213 libro
353 3155 438 3233 prius
461 3157 492 3213 in
515 3154 607 3214 altero
632 3156 795 3215 secundum
818 3155 983 3215 membrum
1009 3157 1151 3217 omiserit.

226 3249 284 3309 lam
310 3253 504 3311 certissimam
529 3254 607 3312 inter
631 3254 893 3313 commentationes
913 3248 965 3312 ‘lle
986 3254 1049 3311 virt.
1069 3261 1098 3311 et
1118 3247 1180 3312 vit'
1204 3262 1234 3312 et
1254 3249 1306 3312 ‘De

137 3342 236 3406 exilio'
269 3349 519 3409 necessitudinem
553 3350 767 3431 indagavimus,
800 3369 854 3410 nec
888 3369 945 3409 non
980 3352 1089 3409 iterum
1116 3350 1163 3409 bis
1192 3349 1307 3410 duabus

138 3445 370 3522 quaestiunculis
400 3446 566 3506 simillimus
593 3456 639 3507 est
661 3447 778 3507 libellus
803 3443 855 3507 ‘lle
880 3445 1027 3524 tranquill.
1048 3441 1105 3505 an'
1129 3448 1307 3526 inscriptus;

137 3560 204 3602 nam
242 3543 319 3602 redit
355 3546 540 3604 ratiocinatio
577 3564 634 3622 qua
674 3547 820 3606 evincitur
858 3535 956 3621 ἦθος
989 3552 1104 3604 tantum
1137 3543 1306 3604 bominibus

137 3641 260 3719 γῆθος
288 3659 390 3701 creare
419 3644 506 3701 etiam
531 3637 583 3701 ‘lle
604 3642 752 3720 tranquill.
772 3637 829 3704 an?
850 3640 947 3722 idn,
976 3641 1027 3701 ubi
1055 3650 1159 3701 auctor
1187 3643 1307 3720 exponit

138 3734 304 3818 εὐθυμίαν
328 3758 386 3800 non
411 3742 489 3800 liniri
513 3743 571 3800 nisi
595 3738 655 3824 ‘cpi
679 3735 794 3824 uulqi',
818 3743 880 3800 ie.
905 3741 991 3799 unice
1014 3741 1123 3798 virtute
1142 3740 1239 3816 ipsius
1256 3738 1305 3798 bo·

138 3838 225 3896 minis
254 3840 306 3917 qui
329 3838 364 3898 ad
389 3837 600 3898 beatitudinem
625 3841 780 3915 pervenire
805 3837 919 3917 studet,
947 3839 1068 3896 minime
1092 3844 1191 3896 autem
1215 3830 1306 3914 ‘aclul-

138 3930 205 3994 θεί
231 3936 276 3995 vel
299 3932 476 4015 εὀλιγότητι
499 3930 725 4016 πραγμάτων’;
756 3943 841 4013 negat
864 3937 954 4012 igitur
978 3945 1079 3994 noster
1104 3941 1134 3994 et
1158 3936 1186 3993 in
1211 3933 1229 3994 l.
1253 3929 1305 3991 ‘De

139 4035 204 4092 virt.
225 4042 254 4092 et
272 4029 333 4093 vit'
363 4042 392 4093 et
419 4037 450 4094 in
478 4034 495 4094 l.
522 4030 575 4094 ‘De
595 4033 743 4112 tranquill.
763 4028 821 4094 an’
845 4033 862 4093 l.
886 4031 904 4091 l.
929 4034 992 4111 pari
1019 4032 1106 4091 modo
1135 4064 1178 4076 -
1207 4048 1311 4117 quam-h

135 4149 225 4204 qnam
254 4129 378 4190 dirersis
405 4134 546 4192 nimirum
575 4131 673 4191 verbis
703 4166 741 4172 —
772 4150 821 4191 res
849 4138 985 4190 externas
1013 4128 1123 4206 aliquid
1151 4127 1249 4188 valere
1272 4127 1304 4186 ad

107 4220 291 4368 &pyratam
320 4229 497 4302 sacrandam.
551 4230 714 4292 Praeterea
743 4230 884 4292 conlerre
907 4228 983 4288 licet
1004 4220 1063 4284 ‘ile
1082 4226 1236 4302 tranquilli.
1254 4219 1305 4283 an!

15 4332 25 4353 ι
86 4323 112 4362 ⁶·
197 4318 268 4378 init.

15 4356 23 4433 l

15 4436 19 4487 l
