2754 4656
610 253 851 316 -tto-

233 434 265 493 ln
290 437 394 513 capitis
414 431 434 493 3
454 434 512 493 line
532 433 603 493 baec
624 434 692 492 vitia
712 441 937 492 enumerantur:
961 430 1077 510 θυμοί,
1101 429 1314 511 φιλονεικίαι,

145 530 274 610 ἔρωτες,
298 532 425 592 λῦπαι.
468 530 579 591 lterum
599 529 691 589 habes
710 529 833 608 pluralis
853 531 976 589 sormam
996 531 1068 589 satis
1088 527 1320 606 memorabilem,

146 648 243 708 quam,
266 638 300 688 ut
319 628 371 688 alia
392 631 535 707 omittam,
555 624 608 687 ‘lle
628 625 778 705 tranquill.
793 623 849 686 ιη’
870 625 899 706 2,
914 622 1014 689 4651]
1033 629 1202 686 invenimus
1223 621 1323 706 (ld-

146 719 254 806 rtur').
292 725 447 786 Praeterea
467 725 589 804 pluralis
609 724 679 785 ibid.
699 732 795 784 exstat
813 726 844 784 in
864 727 959 802 capite
981 724 1009 805 t,
1029 724 1080 784 ubi
1101 725 1165 783 voci
1185 717 1321 801 ‘dupoc'’

147 823 328 901 respondent
351 819 486 905 ‘dpyou'’,
515 826 580 883 voci
604 818 828 902 ‘pctovetxr'ou'
854 842 907 882 rox
932 817 1161 901 ‘deoperer‘org'.
1210 819 1323 880 Similis

146 920 303 999 pluralium
333 923 518 982 enumeratio
542 917 596 979 ‘tte
617 921 683 979 virt.
703 929 732 979 et
752 915 813 979 vit.'
834 917 863 999 2,
885 917 982 980 tour
1008 920 1093 979 nobis
1117 920 1266 992 occurrit,
1295 926 1326 977 et

147 1017 234 1096 paulo
259 1020 335 1077 inlra
358 1018 468 1098 θυμός
492 1028 521 1078 et
545 1014 705 1078 ἀκολασία
729 1019 912 1095 castigantur
932 1011 987 1097 (=
1008 1017 1116 1096 θυμοί
1131 1026 1161 1076 et
1180 1012 1325 1096 ἔρωτες).

148 1115 190 1175 ct.
220 1117 307 1175 etiam
337 1117 428 1175 totius
457 1114 548 1175 libelli
576 1114 612 1173 de
642 1132 700 1191 quo
727 1113 913 1193 disputamus
937 1113 1038 1194 tinem,
1068 1114 1118 1175 ubi
1142 1117 1255 1174 iterum
1278 1132 1323 1172 re·

148 1212 375 1291 prehenduntur
397 1211 521 1293 θυμός,
547 1211 750 1291 φιλονεικία,
775 1206 942 1291 ἐπιθυμία.

237 1310 269 1370 ln
293 1313 393 1389 priore
417 1313 521 1390 capitis
541 1309 562 1370 4
585 1321 669 1389 parte
693 1313 784 1370 animi
807 1311 977 1371 affectiones
1001 1330 1069 1370 cum
1096 1308 1326 1388 tempestatibus

148 1408 256 1487 quibus
289 1427 369 1469 mare
404 1409 543 1470 turbatur
571 1409 781 1491 conteruntur,
814 1411 858 1468 uti
886 1411 949 1487 ipse
979 1406 1137 1488 λογισμός
1164 1411 1204 1467 sit
1232 1401 1326 1466 ‘dxv-

148 1501 306 1585 βέρνητος
335 1500 390 1567 καὶ
418 1501 655 1585 ἀνερμάτιστος
684 1500 721 1565 ἐν
748 1511 872 1587 ταραχῇ
900 1500 955 1566 καί
983 1501 1102 1587 πλάνη
1132 1512 1188 1564 etc.
1241 1503 1325 1574 Quae

147 1604 308 1664 similitudo
332 1623 348 1663 a
371 1604 525 1682 naufragio
549 1605 639 1682 petita
664 1605 694 1662 in
719 1604 891 1663 memoriam
917 1602 1002 1663 nobis
1026 1611 1145 1662 revocat
1168 1598 1223 1660 ‘lle
1245 1611 1327 1661 tran-

148 1699 229 1779 quill.
248 1697 306 1761 am'
330 1720 356 1762 c.
380 1700 427 1781 17,
452 1701 504 1761 ubi
522 1701 599 1761 Plut.
620 1701 729 1760 bonum
753 1703 844 1761 animi
868 1711 976 1760 statum
997 1703 1073 1759 vitae
1092 1699 1327 1777 gubernatorem

147 1798 233 1876 dicit,
261 1806 291 1857 et
319 1798 397 1875 quod
428 1799 483 1857 lroc
511 1797 576 1857 loco
605 1801 735 1858 animum
765 1799 853 1857 variis
882 1797 1087 1857 allectionibus
1115 1797 1327 1875 perturbatum

147 1913 213 1954 cum
238 1897 305 1954 nari
328 1897 357 1954 in
383 1898 457 1955 mari
481 1905 682 1973 tempestuoso
705 1898 810 1956 iactata
836 1896 959 1972 conlert‚
984 1895 1040 1954 hoc
1060 1894 1135 1954 bene
1155 1912 1224 1954 cum
1246 1914 1327 1954 com-

147 1991 374 2070 parationeilla
404 1995 536 2053 concinit
565 2011 621 2071 qua
650 1988 702 2053 ‘Dc
726 1992 876 2070 tranquill.
896 1988 952 2052 an?
977 2012 1002 2053 e.
1020 1990 1060 2053 19
1089 1994 1220 2052 animum
1245 2001 1328 2052 tran·

149 2088 292 2168 quillitate
317 2099 346 2149 et
369 2089 479 2150 laetitia
500 2069 647 2149 fruentem
667 2108 805 2150 serenum
826 2093 910 2168 quasi
929 2090 1135 2168 placatumque
1155 2108 1237 2149 mare
1258 2085 1329 2172 (εὐ-

150 2186 226 2248 δίαν
253 2182 307 2248 καὶ
336 2182 499 2270 γαλήνην)
528 2205 593 2246 csse
622 2187 805 2247 demonstrat
834 2180 887 2270 (ol.
911 2181 964 2245 ‘ue
984 2185 1132 2264 tranquill.
1152 2181 1210 2246 an'
1231 2205 1257 2247 e.
1277 2185 1329 2266 17,

147 2279 274 2367 476t).

237 2382 298 2443 Nec
326 2403 395 2443 vero
424 2383 481 2443 hoc
509 2384 573 2444 loco
600 2384 676 2444 hano
701 2386 904 2462 quaestionem
928 2382 1069 2460 expedire
1093 2383 1123 2441 in
1148 2385 1247 2442 animo
1272 2393 1329 2442 est.

237 2481 270 2540 ln
294 2480 384 2541 altera
410 2484 514 2560 capitis
533 2480 555 2542 4
578 2492 662 2560 parte
681 2481 858 2541 Plutarchus
883 2479 1005 2540 vocibus
1029 2475 1140 2551 ‘attede
1158 2475 1176 2539 b
1195 2475 1329 2554 καιρὸς’

150 2579 185 2639 ad
215 2597 285 2639 suae
314 2581 418 2639 aetatis
442 2598 562 2656 pravam
585 2579 790 2639 condicionem
814 2577 917 2639 alludit
941 2586 983 2657 et,
1013 2596 1049 2636 ne
1073 2572 1191 2638 ‘notrici
1214 2571 1329 2656 λέγειν

150 2684 216 2736 τῶν
247 2672 379 2737 παθῶν
409 2685 530 2737 coactus
559 2679 610 2756 sit,
644 2678 715 2736 satis
744 2677 885 2736 vivaciter
914 2674 1073 2736 tumultum
1102 2674 1247 2734 describit
1277 2678 1331 2753 qui

150 2795 269 2854 quoque
293 2793 369 2835 auno
393 2777 467 2834 oriri
490 2774 574 2855 solet,
598 2775 701 2834 iudicii
724 2774 771 2833 die
795 2793 811 2834 a
835 2772 1013 2852 proconsule
1039 2773 1147 2832 Sardes
1170 2769 1330 2855 indicto.¹)

239 2872 372 2950 Denique
401 2872 505 2931 addam
532 2890 595 2931 mea
624 2890 660 2931 ex
689 2874 836 2931 sententia
860 2890 896 2930 ne
920 2871 995 2930 banc
1020 2871 1139 2949 quidem
1164 2873 1329 2949 scriptiun-

151 2970 246 3030 culam
270 2988 286 3028 a
311 2969 439 3029 librariis
463 2972 667 3030 detruncatam
691 2987 770 3049 csse3
794 2972 884 3028 immo
909 2979 942 3029 ut
966 2977 1026 3030 tres
1052 2967 1102 3028 alii
1125 2967 1218 3028 libelli
1240 2978 1328 3028 antea

151 3069 312 3146 percensiti
345 3085 360 3126 a
388 3066 548 3127 Plutarcho
581 3087 617 3126 ex
647 3067 836 3127 collectaneis
865 3068 940 3144 suis,
974 3084 990 3123 e
1020 3065 1128 3143 quibus
1157 3082 1262 3143 magna
1293 3085 1329 3125 ex

151 3176 235 3244 parte
259 3166 347 3224 etiam
371 3167 580 3224 commentatio
605 3158 691 3246 επερὶ
710 3159 885 3244 coneptu&
910 3165 1051 3240 inscripta
1074 3162 1178 3222 hausta
1201 3163 1330 3242 videtur,

151 3262 248 3322 obiter
272 3263 396 3322 conliota
421 3271 474 3321 est.

607 3545 763 3618 CAPVT
792 3545 869 3618 VII.

216 3685 260 3748 De
284 3683 542 3764 quaestiuncula,
568 3684 620 3747 oni
643 3683 762 3748 titulus
785 3683 835 3747 est
858 3683 914 3747 ‘Er’
935 3682 1100 3768 αὐτάρκης
1121 3682 1142 3764 ἡ
1164 3687 1265 3748 κακία

547 3790 629 3875 πρὸς
651 3788 932 3875 κακοδαιμονίαν.

244 3954 374 4015 Similem
399 3957 429 4013 in
453 3954 574 4014 modum
598 3972 656 4012 nou
681 3953 794 4032 publici
816 3955 890 4013 iuris
914 3954 1009 4013 laetus
1034 3972 1089 4013 nec
1113 3953 1268 4030 perfectus
1288 3957 1328 4014 vi·

154 4052 242 4112 detur
256 4052 373 4112 libellus
388 4047 432 4112 ‘al
446 4047 610 4132 αὐτάρκης
626 4047 754 4130 ἡκακία
768 4049 852 4129 πρὸς
865 4043 1137 4128 κακοδαιμονίαν’
1152 4051 1328 4131 inscriptus,

153 4169 209 4209 nec
233 4150 330 4226 facere
352 4167 474 4227 possum
493 4168 561 4210 cum
580 4149 712 4210 Usenero
733 4145 789 4232 (Pl.
803 4149 848 4208 Jb.
871 4145 943 4229 139,
962 4141 1043 4231 381)
1063 4149 1229 4208 coniciente
1250 4150 1327 4227 frag·

238 4352 266 4414 1)
287 4348 326 4400 Or.
353 4347 521 4417 Volkmann,
542 4346 675 4402 Plutarch
689 4347 703 4400 Ι
716 4353 800 4416 62sq.
