2754 4656
559 250 802 312 -121—

92 433 243 495 describit.
277 432 416 493 Ceterum
436 431 540 492 ultimo
555 433 660 510 capitis
676 428 696 492 3
712 430 801 490 verbo
817 426 865 492 ‘rb
881 425 1088 509 λειπόμενον
1104 427 1265 505 respondet

92 531 231 592 ultimum
251 526 390 609 capitisl')
409 528 533 590 verbum
549 526 597 592 ‘rb
612 523 896 609 ἀπολειπόμενον,
930 527 971 587 Gi.
991 530 1078 587 etiam
1099 545 1123 586 c.
1140 523 1168 606 8,
1185 521 1263 585 len.

183 637 215 697 ln
240 639 334 716 capite
354 635 374 696 4
398 637 527 697 hominis
551 639 676 697 amantis
700 637 835 697 condicio
859 637 901 695 sic
926 633 1119 695 describitur:

378 766 454 854 ‘5eqr
479 763 509 830 δ’
533 769 653 852 ἔρωτος
677 766 786 849 δῆγμα
809 764 984 831 παιδικῶν

93 911 266 994 πρόσεστι,
296 908 452 993 μέτριος
480 905 549 992 μὲν
578 910 624 974 tto
652 925 715 973 σοι
744 911 886 992 φανείη
914 905 978 972 καὶ
1005 916 1129 993 πρᾶος
1156 903 1193 970 ἐν
1220 905 1265 990 τῷ

93 1019 248 1090 παρεῖναι
272 1007 425 1072 ...ὅταν
449 1003 479 1070 d’
503 1005 703 1092 ἀποσπασθῇ
727 1004 781 1070 καὶ
804 1003 904 1091 χωρὶς
927 1003 1071 1089 γένηται,
1094 1010 1164 1069 θεῶ
1189 1007 1274 1084 φλε-Ι

93 1108 239 1189 γόμενον
339 1103 394 1170 καὶ
423 1106 687 1170 δυσκολαίνοντα
715 1113 795 1169 πᾶσι
823 1103 1002 1187 πράγματά
1027 1116 1082 1167 etc.
1129 1105 1266 1183 Singulae

94 1226 183 1268 voces
211 1206 299 1267 simili
329 1209 448 1268 notione
477 1209 565 1266 etiam
593 1211 624 1266 in
651 1206 716 1267 aliis
740 1209 860 1284 scriptis
884 1205 969 1266 nobis
993 1211 1169 1284 occurrunt;
1197 1221 1267 1283 prae

94 1308 206 1366 ceteris
230 1305 265 1365 ci.
286 1301 340 1365 ‘De
360 1304 509 1382 tranquill.
529 1300 585 1365 an'
607 1302 635 1378 t,
650 1301 758 1385 4686,
783 1304 832 1364 ubi
853 1303 978 1381 legimus
997 1297 1128 1382 ‘llutos
1146 1299 1268 1382 φαίνη

93 1397 158 1464 καὶ
183 1398 366 1483 μέτριος’.
468 1414 472 1420 ’

184 1503 217 1561 ln
242 1504 347 1579 capitis
368 1499 387 1561 6
407 1503 610 1580 prioreparte
632 1502 766 1561 homines
785 1500 969 1562 inducuntur
988 1500 1192 1560 condicionem
1214 1500 1269 1558 viri

92 1604 122 1660 in
153 1603 199 1660 rei
226 1599 362 1678 publicae
391 1599 567 1659 muneribus
595 1601 741 1659 versantis
769 1616 925 1678 perperam
953 1599 1166 1677 praedicantes.
1213 1595 1270 1656 Ubi

93 1698 167 1758 haec
201 1716 271 1775 prae
302 1699 411 1757 celeris
439 1697 527 1757 rerba
556 1696 813 1757 animadvertenda
844 1705 926 1758 sunt:
960 1692 1086 1776 ‘ipleudg
1113 1712 1205 1767 τινας
1232 1688 1269 1755 ἐν

93 1791 235 1867 αὐλαῖς
262 1790 425 1874 βασιλέων
454 1791 748 1875 εὐημεροῦντας
771 1842 777 1854 .
799 1839 832 1855 ..
858 1790 877 1874 5
905 1793 1078 1866 κατιόντας
1101 1790 1165 1855 ὑπὸ
1188 1790 1269 1870 πλη-

92 1897 182 1966 θους
209 1887 258 1954 ἐπ’
287 1889 437 1973 ἀγοράν
461 1891 508 1965 εἰς
531 1888 637 1972 ἀρχήν
659 1913 734 1953 τινα
757 1889 777 1972 ἢ
801 1887 1027 1973 συνηγορίανῖ
1050 1926 1094 1936 -
1118 1890 1197 1961 eras
1222 1909 1270 1950 res

93 1991 206 2052 nullam
236 2009 333 2050 veram
363 1989 575 2050 beatitudinem
606 1992 747 2069 praebere
777 1993 938 2069 accipimus
967 1993 1054 2051 etiam
1082 1986 1137 2049 ‘An
1162 1984 1270 2049 vities?

95 2087 125 2170 1,
141 2085 206 2150 498
219 2088 249 2168 6,
269 2087 320 2148 utu
340 2107 426 2148 voces
446 2084 598 2162 “αὐλάς’
618 2097 649 2149 et
668 2085 912 2170 ‘ea'lqpsplcg'
933 2090 1067 2169 redeunt,
1086 2088 1269 2167 eandemque

96 2189 276 2247 sententiam
294 2189 462 2246 invenimus
477 2182 530 2245 ‘lle
545 2188 694 2265 tranquill.
711 2184 768 2247 an'
784 2186 813 2268 3,
828 2185 892 2249 466
903 2187 934 2268 6,
955 2186 1004 2248 ubi
1018 2186 1111 2247 habos
1126 2180 1270 2259 ‘aalide'

97 2295 130 2346 et
148 2280 307 2365 “άνοράν’,
332 2294 360 2345 et
380 2304 449 2364 prae
470 2288 578 2345 ceteris
598 2281 651 2346 ‘lle
671 2283 770 2346 exilio'
792 2284 842 2365 11,
857 2282 954 2347 603F
975 2293 1003 2345 et
1026 2282 1074 2364 12,
1090 2281 1153 2345 604
1166 2283 1195 2361 Β,
1220 2281 1269 2344 ubi

96 2384 225 2461 legimus
254 2379 387 2462 ‘dulcores
414 2379 587 2462 ἡγεμόνος’
612 2411 653 2434 =
679 2380 732 2444 ‘De
751 2385 826 2464 proi.
846 2386 876 2443 in
897 2380 975 2443 virt.'
999 2383 1016 2443 l.
1036 2382 1053 2442 l.
1082 2377 1130 2444 “ἐν
1156 2377 1271 2453 αὐλαῖς

96 2475 282 2560 βασιλέοιν.
313 2515 354 2524 -—
383 2480 474 2541 Paulo
503 2482 578 2542 inira
608 2476 714 2565 (786)
742 2490 846 2543 auctor
874 2483 995 2561 exponit
1017 2480 1103 2540 baec:
1132 2474 1184 2540 ‘od
1207 2476 1270 2557 γάρ

97 2567 174 2640 οἷόν
200 2596 235 2638 τε
262 2575 457 2639 παύσασθαι
485 2579 664 2659 ζηλοῦντας
687 2574 739 2663 (ci.
758 2576 811 2639 ‘lle
831 2578 979 2658 tranquill.
1000 2574 1057 2638 an'
1081 2597 1105 2638 c.
1129 2575 1166 2637 11
1183 2569 1271 2657 init),

97 2673 182 2753 άπερ
202 2673 237 2737 ολ
252 2671 370 2737 πολλοὶ
390 2674 621 2756 θαυμάζουσιν
640 2672 692 2747 (cl.
712 2674 765 2738 ‘Ile
781 2676 930 2757 tranquill.
945 2672 1002 2736 an'
1020 2673 1109 2755 nna,
1131 2672 1169 2734 11
1182 2668 1271 2754 init),

97 2762 150 2845 οἷς
173 2768 215 2834 άυ
238 2771 342 2853 μὴτὸ
366 2771 549 2853 θαυμάζειν
573 2770 694 2853 ἀρετὴν
717 2770 897 2854 ἐγγένηται.
938 2770 1021 2853 πρὸς
1044 2765 1105 2852 μὲν
1128 2769 1191 2851 γάρ
1215 2766 1270 2832 άν-

97 2868 259 2950 θρώπους
290 2868 523 2949 θρασύνεσθαι
551 2867 606 2933 καὶ
637 2865 680 2934 δι’
708 2869 813 2955 ὀργὴν
841 2867 942 2944 ἐνίοις
969 2865 1112 2951 παρέστη
1137 2863 1191 2929 καὶ
1215 2865 1271 2929 διά

98 2965 376 3048 παραφροσύνην·
403 2960 451 3030 ὧν
475 2961 512 3030 <lt
536 2967 765 3050 θαυμάζουσιν
789 2968 963 3050 ἄνθρωποι
986 2964 1187 3050 πραγμάτων
1211 2962 1272 3026 οὐκ

100 3064 192 3127 ἔστιν
215 3063 296 3127 άνεν
319 3067 533 3148 φρονήματος
556 3064 721 3148 ἀληθινοῦ
820 3062 1090 3149 καταφρονῆσαι’.

190 3164 294 3223 Nonne
317 3167 407 3224 totius
427 3165 488 3225 iere
508 3168 765 3226 commentationis
785 3162 838 3226 ‘lle
853 3164 1001 3244 tranquill.
1016 3160 1073 3224 an'
1093 3162 1207 3224 indoles
1226 3163 1272 3222 bis

101 3261 199 3321 verbis
223 3259 415 3321 continetur?

191 3356 306 3428 Quibus
335 3358 563 3437 cogitationibus
592 3378 662 3419 voce
691 3355 782 3437 ‘ortt
810 3380 866 3439 qua
895 3361 970 3422 Plut.
994 3361 1104 3439 aliquid
1133 3362 1200 3420 novi
1229 3362 1272 3419 in·
1306 3376 1307 3379 ’

103 3456 212 3516 ducere
237 3456 324 3535 solet,
352 3457 485 3534 exempla
511 3456 648 3517 nonnulla
673 3457 822 3517 adduntur
845 3477 859 3518 a
884 3458 1005 3538 Solone,
1034 3459 1176 3537 Diogene,
1199 3459 1272 3536 Age·

103 3554 184 3634 sileo,
208 3553 375 3632 Aristotele,
399 3554 515 3614 Zenone
539 3556 639 3632 petita.
682 3554 808 3614 Eosdem
829 3555 945 3616 Solonis
970 3565 1031 3616 tres
1056 3575 1159 3616 versus
1183 3564 1272 3635 atque

104 3652 159 3711 lroc
179 3651 243 3711 loco
263 3650 338 3710 Plut.
359 3653 445 3710 etiam
466 3648 518 3710 'Ile
539 3652 688 3730 tranquill.
709 3648 767 3713 an'
786 3673 810 3713 c.
829 3651 868 3714 13
888 3648 1014 3734 aliert.¹)
1052 3654 1174 3714 Accedit
1193 3664 1273 3714 utro·

104 3739 161 3827 que
186 3748 250 3808 loco
273 3747 399 3825 epistula
423 3747 458 3807 ab
482 3749 640 3810 Aristotele
664 3750 699 3809 ad
724 3751 910 3829 Antipatrum
934 3753 1032 3832 missa,
1056 3770 1113 3830 qua
1134 3752 1273 3830 Stagirita

103 3846 246 3924 gloriatur
270 3864 301 3904 se
328 3864 384 3905 rron
408 3845 580 3906 inferiorem
604 3866 669 3907 esse
689 3847 862 3925 Alexandro,
886 3866 954 3908 cum
978 3858 1092 3908 rectum
1112 3848 1218 3910 habeat
1236 3849 1273 3908 de

103 3944 167 4004 deis
195 3944 353 4023 iudicium3
380 3961 435 4002 uec
465 3962 522 4003 non
550 3944 595 4003 vel
623 3944 737 4023 singula
766 3945 828 4005 iere
852 3946 888 4005 ad
912 3945 1034 4005 verbum
1058 3948 1221 4007 concinunt
1244 3958 1273 4007 ct

103 4045 134 4102 in
162 4060 197 4101 eo
226 4050 339 4101 tantum
368 4041 509 4103 differunt
536 4042 613 4121 quod
638 4045 668 4102 in
692 4042 709 4102 l.
734 4038 787 4102 ‘De
806 4042 956 4121 tranquill.
975 4040 1033 4103 an'
1057 4043 1272 4104 Chaeroueusis

104 4141 168 4219 ipsa
191 4138 357 4199 Aristotelis
386 4138 474 4198 verba
498 4142 619 4218 repetit,
647 4147 750 4201 contra
773 4137 826 4200 ‘lle
846 4141 920 4219 proi.
939 4143 970 4200 in
990 4137 1067 4201 virt.'
1092 4141 1111 4199 l.
1128 4141 1148 4200 l.
1169 4160 1280 4198 eorum

180 4352 206 4418 ¹)
223 4352 334 4423 Bergk.
355 4353 385 4412 Ρ.
403 4359 435 4414 ι.
453 4357 504 4417 or.
518 4359 547 4417 11
568 4381 596 4435 p.
614 4368 663 4419 n.
702 4361 750 4420 cr.
767 4360 871 4430 rrae„
885 4359 950 4413 *ns
963 4352 1068 4423 costo.
1083 4341 1179 4400 sum
1203 4324 1355 4399 usses.
