2754 4656
555 214 796 277 -120—

89 417 207 477 semper
231 398 372 459 addiscat.
410 397 540 457 Eandem
566 397 745 455 sententiam
766 402 868 454 noster
887 393 1046 472 profitetur
1065 389 1119 453 ‘lle
1135 387 1267 453 fortuna'

89 495 197 557 dmed.
221 504 251 556 et
275 491 331 555 ‘An
351 491 459 554 virtus'
480 493 558 555 ldn.
588 487 754 576 (θάλλειν
779 488 1013 572 μανθάνουσιν
1037 487 1072 552 oo‘
1093 488 1271 574 ἀνθρωττοι

91 643 124 655 ..
147 589 202 654 καὶ
226 589 489 672 ἀναγιγνώσκειν
512 587 687 671 γράμματα
712 636 740 651 ..
764 583 855 650 ταῦτ’
879 586 959 650 ἀνευ
982 595 1043 650 τοῦ
1065 591 1188 669 μαθεῖν
1208 585 1271 650 οὐκ

91 692 160 753 ἔστι
183 691 351 774 χρησίμως
373 683 552 772 ποιείν’).1)

180 788 292 849 Deinde
317 788 547 866 Chaeronensis‚
578 789 621 847 uti
652 786 739 867 solet,
768 788 903 863 corporis
931 785 1051 845 morbos
1081 805 1148 846 oum
1178 787 1272 845 animi

93 890 172 947 vitiis
197 888 327 967 confert,
355 896 389 946 ut
413 835 598 945 demonstret
622 902 676 943 nos
700 902 755 943 nee
779 882 837 943 illis
862 883 984 943 liberari
1007 901 1094 961 posse
1119 885 1177 943 nisi
1201 879 1272 944 νο-

93 978 275 1064 σώματος*
258 982 479 1055 υπείκοντος.
495 977 692 1062 γαίσθᾳσιν
717 981 844 1060 aliquam
868 975 1099 1062 lrabearnus(cl.
1120 977 1272 1041 Animine

92 1101 129 1142 au
148 1084 283 1160 corporis
286 1075 401 1165 '.,c3)
421 1099 476 1141 nee
496 1079 559 1141 tolli
579 1096 666 1157 posse
687 1078 756 1139 vitia
776 1098 812 1139 ex
832 1081 938 1159 animo,
958 1076 985 1140 ε
988 1072 1123 1159 ίμᾳδὲν
1142 1075 1273 1160 ἡψυχη

91 1180 226 1260 μεθίησι
250 1173 326 1258 μηδ’
350 1174 665 1258 ἀποκαθαίρεται
688 1182 746 1256 τῆς
769 1127 979 1258 dlleltepoolg’.
989 1171 1013 1256 2)
1057 1176 1201 1237 Similiter
1227 1196 1274 1237 re-

93 1280 185 1356 quirit
212 1272 265 1335 ‘lle
286 1276 434 1354 tranquill.
454 1295 501 1336 an.
504 1271 627 1355 'etim
655 1284 689 1335 ut
718 1271 790 1354 τὴν
818 1270 928 1352 πηγὴν
956 1279 1013 1352 τῆς
1042 1269 1206 1353 εὐθυμίας
1236 1268 1274 1333 ἐν

94 1370 207 1446 αὐτοῖς
229 1364 335 1435 οὖσαν
359 1368 684 1453 ἐκκαθαίρωμενῖ
727 1372 769 1432 ct.
794 1391 818 1432 c.
837 1369 888 1451 19,
901 1367 1001 1430 477ss
1026 1366 1125 1450 ςψυχὴ
1149 1372 1276 1431 καθα-

94 1469 264 1551 ρεύουσα
297 1467 500 1554 πραγμάτων
523 1516 530 1531 .
553 1517 558 1530 .
581 1464 756 1550 πονηρῶν’
789 1479 819 1529 et
852 1464 904 1527 ‘ue
934 1467 1009 1546 prol.
1038 1469 1068 1526 in
1098 1463 1274 1527 virtutibus’

94 1589 119 1629 c.
140 1566 236 1630 3init.
270 1564 340 1630 ‘coir
373 1568 475 1648 λόγου
509 1566 767 1647 διαφωτίζοντος
867 1563 928 1644 τὴν
960 1561 1072 1644 ψυχὴν
1104 1560 1158 1626 καὶ
1188 1562 1276 1625 δια-

94 1664 388 1745 καθαίροντος’Ι
435 1667 469 1727 ln
497 1666 601 1726 eodem
630 1667 726 1744 capite
752 1663 772 1725 3
796 1656 933 1746 (lssCll)
957 1663 1135 1723 Plutarchus
1159 1663 1283 1745 suadet*

97 1773 130 1823 ut
162 1783 177 1823 a
212 1764 378 1824 minoribus
407 1764 547 1844 paulatim
576 1764 770 1824 ascendamus
799 1762 834 1822 ad
863 1764 989 1842 maiora,
1020 1762 1159 1841 idemque
1188 1761 1277 1840 plane

97 1871 288 1941 praeceptum
313 1864 481 1922 invenimus
506 1857 557 1921 ‘lle
579 1861 726 1939 tranquill.
746 1857 804 1921 an.'
825 1879 849 1921 c.
866 1857 916 1939 18,
936 1857 1043 1921 4760.
1084 1859 1112 1920 P.
1129 1857 1205 1920 lssD
1226 1880 1277 1920 ex-

99 1968 178 2019 stant
207 1955 333 2019 verba
336 1963 381 2019 τώ
410 1959 601 2037 παρείκοντι
629 1955 710 2019 καιά
737 1955 861 2037 σχολὴν
884 1963 942 2037 τῆς
964 1957 1078 2030 κακίας
1101 1954 1277 2022 ἐπιτιθε-

98 2052 218 2136 μένης
242 2049 292 2137 (cl.
314 2075 403 2134 supra
424 2053 456 2136 ἡ
476 2055 572 2116 κακία
591 2050 878 2140 περιτιθεμένγ)
901 2045 1057 2136 καὶπρὸς
1075 2052 1278 2120 τούναντίον

101 2150 415 2234 ἀνθυποφερούσης
416 2201 425 2235 ,
450 2152 558 2232 quibus
545 2152 685 2213 Κακία
706 2156 790 2231 quasi
812 2156 872 2213 viva
893 2153 1000 2213 lemine
1022 2152 1212 2234 describitur,
1233 2159 1278 2216 uti

99 2252 134 2311 ad
160 2270 193 2311 ea
214 2249 345 2310 alludant
365 2271 438 2329 quae
459 2269 548 2330 snpra
568 2250 604 2309 de
624 2248 768 2310 librorum
789 2246 846 2310 ‘An
862 2245 968 2309 vitios’
989 2269 1013 2309 c.
1029 2248 1058 2329 2,
1074 2248 1103 2331 3,
1118 2250 1147 2328 4,
1163 2249 1198 2331 5,
1223 2249 1278 2312 De

92 2353 165 2408 'virt
181 2358 211 2409 et
226 2344 288 2408 vit'
308 2368 332 2408 o.
348 2347 377 2427 2,
399 2345 546 2409 ‘Ammine
562 2366 597 2407 an
614 2343 760 2425 corporis’
776 2367 801 2407 e.
818 2346 837 2407 ‘2
857 2347 1082 2425 disputavimus.
1115 2348 1149 2408 lu
1170 2353 1278 2428 capitis

101 2447 159 2506 dne
179 2445 254 2506 Plut.
276 2447 427 2523 praedicnt
450 2446 599 2505 bominem
620 2439 753 2526 ‘elpe'pocg
772 2464 806 2505 τε
825 2439 878 2504 καὶ
899 2441 1030 2523 νύκτωρ
1051 2437 1100 2505 ἀεὶ
1119 2451 1159 2526 τῇ
1178 2447 1278 2530 κακίᾳ

101 2538 471 2623 διαμεμαχημένον’,
500 2542 679 2621 quibuscum
709 2542 807 2601 verbis
836 2543 975 2620 congruit
1004 2537 1056 2600 ‘lle
1081 2545 1146 2602 virt.
1166 2554 1197 2604 et
1216 2541 1280 2605 vit'

103 2639 131 2719 ἱ),
153 2638 213 2700 101
226 2642 263 2700 A:
288 2637 319 2720 ‘q
343 2640 440 2702 κακία
460 2686 489 2700 ..
509 2635 550 2701 οὐ
573 2636 762 2700 παντάπασι
781 2631 860 2711 ταῖς
870 2635 988 2718 ὁρμαῖς
1006 2635 1184 2700 ἐκδίδωσιν
1204 2636 1279 2702 ἑαυ-

103 2738 180 2817 τήν,
204 2728 275 2799 ἀλλ’
298 2734 472 2799 ἀντιτείνει
495 2730 549 2799 καὶ
573 2733 736 2817 μάχεται
759 2731 935 2809 πολλάκις.’

194 2835 273 2896 Nova
303 2838 393 2914 igitur
420 2836 465 2895 his
491 2833 588 2894 verbis
612 2835 774 2895 similitudo
799 2836 928 2894 allicitur
957 2853 1013 2912 qua
1037 2834 1146 2896 Κακία
1169 2836 1280 2899 bellum

104 2951 171 2992 curn
201 2932 320 2992 homine
349 2951 455 3011 gerens
484 2933 619 3014 fingitur,
647 2935 712 3010 pari
739 2936 853 2993 ratione
882 2940 970 3010 atque
997 2927 1053 2992 ‘dn
1074 2932 1181 2994 vitios’
1205 2955 1230 2996 c.
1251 2935 1281 3016 3,

109 3029 159 3090 ubi
188 3026 275 3110 Τύχη
300 3049 367 3090 cum
392 3048 426 3089 eo
451 3030 580 3090 dimicat.

195 3127 277 3199 Quae
306 3126 466 3187 similitudo
497 3131 627 3188 variatur
655 3126 746 3188 libelli
775 3127 811 3187 de
841 3148 899 3207 quo
923 3132 1038 3208 agimus
1062 3119 1207 3211 capitis3
1232 3152 1281 3193 ex·

106 3225 203 3306 ordio,
232 3224 284 3285 ubi
307 3222 381 3284 Plut.
407 3226 490 3302 tingit
518 3224 668 3285 hominem
698 3228 864 3286 accinctum
893 3245 958 3286 esse
983 3235 1086 3288 contra
1111 3231 1213 3289 vitium
1239 3232 1282 3290 id-

106 3342 163 3401 que
192 3325 309 3382 mittere
339 3322 373 3380 ad
404 3341 471 3381 eum
501 3317 635 3401 ‘aldoardo
663 3343 755 3395 τινας
779 3319 798 3402 ἢ
823 3320 1028 3405 ῥᾳστώνας
1051 3321 1071 3404 ἢ
1095 3320 1284 3406 ἀσχολίας

106 3414 158 3481 ἐπὶ
187 3413 368 3491 σπονδαῑς’,
397 3418 576 3497 quibuscum
605 3423 768 3499 sapientem
797 3421 878 3481 nullo
908 3422 994 3481 modo
1023 3441 1125 3501 pacem
1150 3443 1282 3503 pangere

106 3517 217 3576 deceat.
251 3550 292 3557 —
323 3507 500 3596 Ἀσχολία
533 3520 694 3596 castigatur
727 3521 814 3579 etiam
843 3515 897 3578 ‘lle
917 3520 1065 3599 tranquill.
1086 3517 1143 3582 an.'
1167 3520 1281 3606 2iuit.;

106 3610 286 3696 ῥᾳστώνη
306 3613 375 3673 ibid.
396 3633 420 3673 c.
438 3612 477 3677 18
490 3615 538 3674 bn.
559 3624 590 3675 et
610 3612 725 3677 19init.
745 3610 795 3697 (cl.
816 3613 965 3700 ῥᾳθυμία
985 3612 1038 3677 ‘De
1059 3619 1132 3696 prof.
1152 3621 1183 3679 in
1202 3616 1280 3682 virt?

106 3703 230 3794 4init.).
258 3744 301 3753 —-
330 3710 471 3789 Recogita
505 3715 592 3772 etiam
625 3712 748 3790 pluralia
782 3715 817 3774 ad
848 3715 962 3793 singula
992 3717 1060 3775 vitia
1088 3717 1281 3794 significanda

109 3814 249 3885 usurpata
278 3801 330 3890 (ol.
356 3826 444 3886 supra
469 3828 496 3887 p.
516 3801 600 3891 110).
628 3843 671 3852 -
701 3810 831 3872 Similem
856 3814 885 3872 in
911 3813 1030 3873 modurn
1055 3813 1130 3873 Plut.
1155 3833 1179 3875 c.
1200 3812 1282 3877 ofin.

108 3907 243 3966 homines
267 3903 351 3964 iubet
375 3916 478 3979 contra
503 3908 565 3965 vitii
588 3902 863 3987 ‘xaeaonoopodg’
884 3909 1024 3969 adbibere
1046 3904 1142 3994 ‘(cd9)
1164 3907 1282 3992 ἐξερεί-

109 4016 178 4075 σεις
205 3995 261 4062 καὶ
290 3998 508 4086 ἀνακρούσεις
534 4007 594 4063 τοῦ
622 4001 854 4085 φρονήματος’,
884 4025 957 4084 quas
985 4007 1064 4066 velut
1089 4008 1198 4069 milites
1222 4016 1283 4073 sint

176 4222 210 4288 1)
229 4221 270 4274 Of
291 4224 444 4297 Gieseelre,
467 4228 518 4284 l..l
539 4247 568 4301 p.
585 4235 635 4300 30,
655 4229 722 4286 adn.
739 4237 764 4286 1.

160 4298 192 4361 2)
209 4294 375 4375 Ᾰβείτερία
392 4311 492 4366 exstat
512 4313 608 4368 etiam
631 4312 687 4369 'De
703 4310 857 4383 tranquill.
872 4311 928 4368 an?
953 4305 1104 4363 etium.
1123 4306 1156 4356 st
1171 4304 1283 4360 tuitus
