2754 4656
462 219 467 228 ’
581 259 823 322 -119-

112 442 183 501 vitio
216 458 275 499 non
308 438 479 519 adiuvante,
512 447 615 499 contra
642 439 778 499 homines
806 438 915 499 nudam
944 459 1009 500 esse
1037 443 1096 500 vim
1125 436 1286 520 (“οὐκοῦν

113 533 176 599 οὐκ
204 535 294 599 ἔστιν
321 533 342 616 ἡ
369 534 451 617 τύχη
478 534 737 617 κακοδαιμονίας
763 535 1007 620 τελεσιουργός,
1036 532 1078 600 ἂν
1101 535 1145 618 μὴ
1168 538 1286 600 κακίαν

110 634 170 716 ἔχῃ
194 629 459 717 συνεργοῦσαν).
482 666 525 680 -·
551 633 612 695 Sub
636 637 742 714 capitis
765 635 823 694 fine
843 634 920 696 Plut.
939 638 1060 714 exponit
1083 635 1157 696 nihil
1176 655 1285 696 nocere

112 733 200 793 nobis
219 752 307 811 posse
326 730 440 813 τύχην,
458 735 516 792 nisi
535 731 696 793 habeamus
715 728 816 794 είὸιον
835 727 929 805 ἕλκος
943 727 980 794 ἐν
994 727 1098 817 ἑαυτῷ
1113 727 1169 795 καὶ
1182 729 1285 794 κακὸν

186 828 296 903 ἐντὸς
319 829 449 910 σαρκός,
474 826 562 903 ὅπως
585 827 625 890 τὰ
647 830 895 911 προσπίπτοντα
917 825 1068 904 ἔξωθεν
1092 828 1206 911 οίκτρά
1228 825 1284 892 καὶ

108 924 237 1009 ὀδυρτὰ
259 922 402 1008 ποιῆσαί.

200 1025 290 1086 Plane
315 1025 416 1084 eadem
442 1033 538 1085 exstat
561 1028 707 1086 sententia
731 1020 785 1085 ‘De
804 1027 870 1086 virt.
890 1033 920 1086 et
939 1022 1001 1087 vit?
1020 1046 1045 1087 c.
1060 1024 1089 1088 2.
1127 1027 1283 1087 Praeterea

108 1143 198 1203 quam
224 1126 348 1184 maxime
372 1123 430 1183 huc
450 1123 575 1203 quadrat
594 1119 742 1183 ‘Animine
762 1142 798 1184 an
818 1120 964 1202 corporis'
984 1143 1008 1184 c,
1024 1122 1053 1199 2,
1077 1123 1129 1184 ubi
1148 1124 1284 1185 slmiliter

108 1216 253 1294 εἐντός’
284 1229 314 1281 et
337 1215 517 1293 ‘diodor'
541 1219 597 1281 sibi
621 1230 813 1299 opponuntur
836 1229 866 1281 et
889 1230 1041 1299 praeterea
1065 1222 1204 1300 legimus:
1233 1217 1285 1283 ‘cd

108 1315 151 1380 ἐν
171 1313 287 1400 σαρκὶ
305 1314 487 1398 νοσήματα
508 1346 549 1368 =
568 1315 626 1379 ‘dn
640 1315 748 1380 vitios'
768 1319 785 1378 Ι.
803 1318 833 1380 l.:
853 1314 967 1381 εκακὸν
986 1314 1096 1391 ἐντὸς
1115 1315 1283 1400 σαρκός’.

199 1417 303 1477 Restat
334 1424 367 1477 ut
400 1435 487 1494 quam
521 1417 695 1477 brevissime
726 1416 798 1477 duas
827 1416 897 1476 alias
925 1420 1189 1478 commentationes
1216 1435 1282 1496 per-

108 1516 287 1595 lustremus,
319 1516 349 1573 in
379 1515 487 1592 quihus
515 1514 692 1575 Plutarchus
720 1515 756 1574 de
784 1515 919 1574 doctrina
947 1534 998 1575 sua
1027 1516 1131 1575 morali
1158 1517 1189 1574 in
1217 1517 1281 1574 uni-

107 1631 229 1673 versum
253 1613 400 1690 disputat:
424 1612 490 1672 dico
514 1612 606 1672 libros
630 1608 722 1685 εΠῶς
744 1609 786 1672 ἄν
808 1632 858 1685 τις
881 1614 1034 1674 αἴσθοιτο
1059 1607 1179 1674 ἑαυτοῦ
1200 1629 1281 1693 προ-

106 1704 300 1782 κόπτοντος’
326 1716 355 1768 et
374 1703 471 1788 ‘Hand
494 1713 552 1789 τῆς
575 1706 696 1790 ἠθικῆς
718 1704 847 1789 αρετῆς
868 1712 1038 1789 inscriptos.
1078 1710 1140 1770 Nec
1162 1713 1279 1770 νοσοίη

105 1811 207 1870 auimo
231 1815 277 1867 est
299 1807 353 1866 has
376 1807 451 1867 duas
473 1808 700 1868 dissertationes
723 1809 780 1868 hoc
804 1807 868 1867 loco
892 1806 1062 1887 exhaurire3
1086 1807 1137 1868 sed
1162 1826 1195 1867 ea
1219 1817 1280 1868 tan·

105 1916 171 1967 tum
209 1923 441 1966 commemorare
479 1905 551 1965 mihi
583 1907 726 1984 proposui
759 1924 834 1984 quae
868 1923 936 1965 cum
969 1904 1076 1965 libeliis
1109 1924 1197 1984 supra
1231 1906 1279 1965 ad·

106 2004 253 2064 umbratis
278 2005 467 2064 conveniunt.

557 2302 712 2375 CAPVT
741 2302 835 2374 VIII.

166 2442 210 2508 De
235 2441 475 2516 ddssortatIono‚
500 2458 579 2522 quae
602 2439 793 2504 inscribitur
816 2439 908 2516 ‘fleg
930 2441 972 2505 tio
994 2463 1045 2517 τις
1068 2447 1220 2506 αἴσθοιτο

473 2547 593 2614 ἑαυτοῦ
614 2545 913 2632 προκόπτοντος’.1)

196 2715 292 2794 Atque
311 2716 341 2774 in
361 2716 461 2792 priore
482 2712 602 2791 quidem
621 2710 778 2790 volumine,
799 2711 877 2790 quod
894 2710 995 2771 Sossio
1011 2710 1169 2773 Senecioni
1184 2717 1278 2775 amico

108 2814 240 2873 Romano
260 2812 414 2891 dedIcavit,
434 2810 510 2870 Plut.
526 2810 654 2869 Stoicam
674 2808 752 2868 illam
772 2807 937 2869 doctrinam
952 2810 1106 2887 impugnat
1121 2829 1177 2887 qua
1193 2811 1278 2872 doce·

108 2910 194 2971 batur
218 2928 272 2970 nos
295 2909 483 2969 nullomodo
504 2908 601 2967 iacere
620 2925 717 2987 posse,
741 2909 824 2967 utin
843 2908 952 2967 virtute
972 2907 1197 2984 progrediamur
1217 2903 1280 2989 ((ἐν

108 3013 151 3091 τῷ
185 3009 384 3088 φιλοσοφεῖν
415 3003 491 3067 οὔτε
518 3002 691 3086 προκοπὴν
719 3001 795 3066 οὔτε
822 3001 897 3065 τινὰ
923 3008 1092 3084 προκοπῆς
1119 3007 1279 3085 αἴσθησιν

109 3097 264 3188 εἷναι’).ῗ)

115 3232 116 3236 ,
195 3201 235 3262 Ut
262 3204 292 3262 in
321 3200 385 3260 aliis
414 3200 722 3260 commentatiunculis
751 3219 824 3280 quas
853 3202 1038 3260 excussimus
1065 3202 1107 3260 sic
1133 3203 1219 3262 etiam
1244 3204 1274 3262 in

106 3300 162 3360 hoc
195 3303 306 3378 scripto
339 3306 442 3359 auctor
475 3316 535 3357 non
563 3304 622 3356 tam
651 3296 810 3359 subtilibus
839 3297 1114 3357 ratiocmationihus
1144 3300 1276 3358 intimam

107 3397 270 3459 doctrinam
296 3414 379 3458 suam
403 3395 536 3456 evolvere
560 3403 591 3455 et
614 3396 806 3474 comprobare
831 3413 918 3473 quam
942 3396 1052 3454 amicos
1073 3394 1108 3454 ad
1129 3394 1277 3456 honestio-

105 3514 168 3556 rem
192 3495 415 3573 beatioremque
438 3495 527 3553 vitam
551 3492 698 3553 adducere
723 3487 832 3553 studet.

193 3593 226 3653 In
255 3595 361 3671 capitis
382 3590 398 3652 1
420 3593 504 3651 initio
531 3590 616 3650 nobis
640 3588 730 3650 rerba
754 3599 930 3651 occurrunt:
959 3586 994 3669 ‘d
1017 3589 1134 3652 κακία
1157 3596 1276 3653 πᾶσιν

107 3686 350 3771 περιτιθεμένη’
374 3717 417 3739 --
441 3685 496 3749 ‘dn
517 3684 625 3749 vitios'
644 3686 757 3749 2init.:
785 3684 817 3767 ‘d
845 3686 961 3749 κακία
990 3684 1159 3767 διατίθησι
1181 3686 1276 3751 ποίν-

105 3808 171 3860 τας
194 3782 415 3867 ἀνθρώπους.
438 3819 483 3831 -
505 3786 538 3845 ln
563 3788 605 3846 eis
630 3804 704 3864 quae
729 3795 896 3865 sequuntur
918 3787 1077 3862 exponitur
1097 3786 1275 3864 dispruium

106 3904 165 3945 non
188 3904 275 3964 posse
300 3884 440 3964 progredi
464 3878 511 3945 ‘dv
531 3889 702 3964 μουσικοῖς
719 3879 740 3964 ἢ
759 3875 1015 3963 γραμματικοῖς,
1038 3884 1097 3942 nisi
1116 3883 1187 3960 quid
1206 3886 1274 3944 nori

195 4114 220 4177 1)
240 4100 402 4178 Disputavit
419 4109 454 4162 de
473 4109 526 4163 hoo
543 4107 617 4161 libro
636 4108 661 4161 J.
676 4108 709 4162 H.
725 4107 838 4174 Mdolre,
860 4107 913 4160 ‘De
932 4106 1005 4161 Plut.
1024 4106 1108 4175 duce,
1132 4107 1273 4174 quomodo

105 4206 170 4244 suos
194 4190 312 4258 quisque
336 4189 365 4242 in
387 4188 492 4241 virtute
515 4188 657 4256 profectus
681 4187 772 4258 possid
794 4186 1043 4252 animadverterest
1062 4185 1180 4253 Lipsiae
1195 4191 1281 4236 tnui.

77 4279 107 4404 '2
186 4279 216 4346 2)
236 4277 274 4332 Cf.
299 4277 352 4331 ‘De
371 4277 571 4334 communibus
589 4276 713 4335 notitiis'
737 4296 762 4334 c.
777 4283 794 4332 t
810 4278 902 4332 etto.
935 4270 1314 4333 ffieIXermx„p.unnss„

109 4360 195 4422 70sq.
