2754 4656
146 1115 170 1174 l
198 1113 292 1174 media
321 1113 383 1173 lere
411 1111 501 1174 huius
529 1111 640 1174 saeculi
667 1121 764 1194 parte,
791 1123 948 1194 postquam
975 1110 1105 1194 Heeren,
1134 1110 1227 1193 Haug,

56 1211 105 1273 alii
129 1215 205 1272 viam
229 1213 505 1292 praemuniverant,
531 1210 666 1271 homiues
690 1211 779 1290 docti,
803 1210 932 1272 brnoldo
956 1211 1078 1271 Scbaler
1101 1213 1227 1271 maxime

55 1318 86 1370 et
106 1310 209 1370 Curtio
229 1308 423 1370 Wacbsmutb
447 1307 582 1389 ducibus,
606 1310 714 1370 mirum
739 1318 882 1388 quantum
906 1310 1051 1370 sudarunt
1073 1311 1105 1370 in
1128 1317 1228 1369 aucto·

55 1408 140 1468 ribus
174 1425 248 1486 quos
276 1405 454 1467 Plutarchus
483 1408 513 1466 in
542 1407 610 1466 vitis
638 1409 701 1467 suis
729 1410 910 1487 expresserit
937 1407 1161 1488 investigandis,
1194 1426 1228 1467 ea

54 1505 282 1584 progredientes
310 1506 437 1583 ratione,
466 1506 509 1564 uti
538 1506 635 1563 omnia
661 1504 723 1564 lere
748 1523 823 1583 quae
847 1524 882 1565 ex
906 1505 988 1565 bisce
1012 1504 1228 1565 Chaeronensis

54 1602 197 1682 operibus
230 1603 381 1663 lucramur
412 1605 519 1681 partim
552 1601 588 1661 ad
621 1620 712 1661 unum
742 1605 850 1681 partim
878 1601 912 1663 ad
942 1602 1016 1663 duos
1045 1602 1142 1662 lontes
1170 1611 1228 1662 ret·

55 1699 188 1761 tulerint.
553 1764 555 1768 ,

146 1798 209 1869 Qua
233 1801 264 1858 in
288 1816 320 1858 re
344 1798 456 1879 palmae
481 1816 552 1876 prae
576 1799 685 1857 ceteris
709 1801 984 1878 appropinquarunt
1002 1797 1099 1879 Peter,
1123 1795 1228 1877 Ruehl,

54 1897 243 1957 Hermannus
273 1895 404 1975 Sauppe,
436 1894 613 1955 venerabilis
645 1894 693 1956 ille
726 1895 942 1975 philologorum
971 1898 1111 1975 princeps
1140 1915 1227 1975 quem

54 2005 123 2055 ante
148 1994 223 2054 duos
247 2011 338 2053 annos
362 2000 458 2076 morte
483 1992 568 2053 nobis
592 2003 728 2073 ereptum
753 2012 818 2054 esse
838 1996 1016 2073 cuicumque
1036 1996 1100 2054 eius
1119 1993 1228 2054 scholis

56 2096 203 2152 interesse
226 2090 333 2151 licebat
356 2089 452 2150 adbuc
477 2090 566 2169 luget.

146 2191 182 2251 tt
206 2206 383 2267 quamquam
407 2189 513 2266 ingens
536 2188 677 2266 paulatim
700 2189 803 2250 talium
823 2188 1116 2268 quaestiuncularum
1135 2188 1228 2249 moles

55 2295 197 2367 congesta
234 2296 292 2365 est,
329 2294 425 2346 tamen
459 2285 547 2346 hodie
580 2305 682 2347 omnes
715 2304 809 2365 paene
843 2288 894 2366 qui
925 2286 1077 2348 Plutarchi
1109 2288 1229 2366 scriptis

55 2404 177 2466 oporam
207 2384 278 2444 dant
309 2384 364 2444 bac
397 2383 433 2443 de
467 2386 512 2443 via
545 2384 751 2465 decesserunt,
783 2402 851 2445 cum
880 2384 1081 2445 intellexerint
1108 2387 1228 2444 minime

53 2478 395 2563 illos‘qrpsmpdgoog',
419 2490 452 2542 ut
474 2500 546 2542 voce
570 2490 637 2542 utar
656 2481 840 2562 Plutarcbea,
864 2484 942 2542 inter
966 2500 998 2542 se
1020 2483 1179 2542 convenire
1199 2493 1229 2542 et

55 2582 114 2642 sibi
137 2583 341 2660 persuaserint
363 2588 477 2639 tantum
502 2579 614 2660 abesse,
638 2586 671 2639 ut
695 2579 827 2639 amabilis
843 2563 899 2640 lric
922 2581 1051 2659 scriptor
1070 2578 1228 2640 Boeotieus

54 2679 267 2745 historicorum
305 2695 386 2737 more
419 2685 553 2738 veterum
586 2685 742 2738 auctorum
774 2675 975 2738 voluminibus
1008 2683 1146 2737 accurate
1180 2676 1227 2736 ad-

55 2776 158 2836 hibitis
187 2784 216 2836 et
244 2778 400 2854 perpensis
427 2776 560 2835 virorum
588 2775 748 2836 illustrium
777 2777 853 2836 lacta
884 2777 1030 2835 enarrarit
1058 2781 1109 2834 aut
1137 2763 1230 2834 ‘daco-

54 2872 208 2954 μνήματα
233 2869 392 2952 ίστορικίί
418 2871 548 2958 undique
573 2871 732 2952 collegerit,
756 2882 790 2934 ut
817 2876 881 2934 eius
905 2875 981 2932 ritae
1005 2880 1035 2932 et
1058 2874 1139 2950 ipsae
1158 2890 1227 2950 pars

55 2975 116 3032 sint
144 2969 344 3050 φιλοσοφίας
369 2966 489 3050 ἠθικῆς
512 2990 566 3031 nec
592 2971 760 3031 ullomodo
785 2972 903 3031 secerni
926 2972 1042 3050 possint
1065 2987 1081 3028 a
1107 2970 1227 3048 scriptis

56 3068 231 3148 moralibus,
264 3087 332 3130 cum
360 3068 436 3129 Plut
465 3069 619 3129 enucleate
652 3069 779 3129 latentur
812 3068 940 3128 voluisse
973 3085 1039 3127 sese
1067 3069 1228 3145 specimina

55 3167 145 3227 edere
169 3169 245 3226 vitae
268 3166 344 3226 bene
368 3167 568 3226 instituendae
592 3175 621 3226 et
645 3166 720 3226 hanc
744 3175 858 3226 tantum
878 3165 915 3225 ob
936 3182 1054 3225 causam
1073 3160 1143 3243 ‘cipe
1161 3171 1228 3225 τῶν

55 3263 141 3344 βίων
164 3260 314 3336 ἅψασθαι
337 3269 467 3344 γραφῆς
487 3308 516 3324 ..
535 3260 645 3344 ὥσπερ
669 3259 706 3324 ἐν
730 3259 877 3346 ἐσόπτρῳ
901 3267 940 3343 τῇ
963 3258 1092 3344 ίστορίᾳ
1109 3259 1227 3342 πειρώ-

55 3381 160 3442 μενον
188 3356 278 3442 ἁμῶς
305 3356 345 3440 γε’
365 3378 435 3434 πως
457 3369 594 3440 κοσμεῖν
616 3355 671 3421 καὶ
694 3356 883 3440 ἀφομοιοῦν
906 3357 989 3439 πρὸς
1011 3356 1069 3432 τὰς
1093 3354 1228 3421 ἐκείνων

56 3453 112 3542 (sc.
137 3458 290 3519 bominum
314 3453 549 3542 praeclarorum)
573 3454 688 3538 ἀρετὰς
710 3456 770 3519 τὸν
794 3451 923 3538 βίονῖῑ)

146 3556 227 3627 Quae
252 3575 319 3616 cum
343 3558 383 3616 ita
408 3559 475 3636 sint,
499 3555 576 3615 baud
601 3556 726 3616 multum
750 3554 847 3615 valere
869 3554 1028 3615 Plutarcho
1053 3554 1228 3615 videbantur

55 3657 219 3734 insignium
243 3657 374 3714 virorum
399 3672 447 3713 res
471 3661 571 3733 gestae
595 3653 705 3733 quibus
726 3653 805 3714 domi
825 3652 953 3731 bellique
973 3659 1088 3712 ceteros
1108 3670 1227 3730 supera-

57 3753 129 3812 bant
161 3770 293 3831 quasque
326 3769 426 3812 rerum
456 3753 617 3830 scriptores
645 3753 753 3811 summi
781 3751 906 3830 iaciunt3
940 3757 1042 3810 contra
1070 3748 1227 3811 admodum

58 3852 124 3910 eius
147 3852 291 3909 intererat
315 3848 433 3910 illorum
458 3867 555 3909 mores
575 3867 663 3927 quam
682 3848 893 3909 dilucidissime
913 3846 1092 3928 describere,
1116 3849 1160 3907 uti
1179 3848 1228 3907 alii

58 3947 194 4008 homines
222 3965 273 4007 eos
301 3954 423 4025 possent
450 3949 567 4006 imitari.
617 3945 737 4006 Minime
765 3947 904 4005 nimirum
931 3945 1077 4004 contendo
1102 3944 1227 4005 Chaero-

58 4063 181 4105 nensem
214 4061 336 4122 magnos
365 4044 431 4104 illos
459 4044 618 4104 historicos
645 4043 681 4103 ab
709 4042 858 4104 Herodoto
887 4059 981 4122 usque
1010 4041 1045 4102 ad
1074 4042 1226 4121 Polybium

150 4235 176 4303 1)
195 4233 229 4287 cf.
245 4232 439 4303 Wacbomutb,
457 4231 621 4304 Einleitung
639 4232 668 4287 in
687 4232 736 4288 dua
752 4231 881 4287 Studium
900 4232 949 4288 der
965 4232 1043 4287 alten
1058 4230 1227 4286 Goscbicbte

57 4330 85 4385 p.
101 4320 152 4368 219
163 4331 223 4381 sqq.

998 4396 1036 4452 gs
