2754 4656
570 221 789 285 „65-

92 422 183 482 quam
207 403 291 463 facile
316 401 454 463 omnibus
479 402 565 462 bonis
588 404 698 481 privari
721 404 831 482 possis,
856 404 900 461 nti
924 401 1058 460 futurum
1083 401 1191 461 malum
1215 401 1267 462 ubi

91 500 212 560 advenit
235 518 330 579 aequo
355 499 433 560 feras
457 502 563 561 animo.

182 601 219 658 At
247 600 277 658 iu
306 599 403 676 capite
427 595 446 658 9
471 598 527 658 hoc
551 606 743 676 praeceptum
767 596 898 658 breviter
922 605 1035 657 tautum
1060 605 1090 656 et
1113 595 1266 675 paululum

91 696 219 775 abrupte
243 698 431 774 exprimitur,
456 704 559 756 contra
583 695 695 756 clarum
720 695 752 754 fit
776 703 806 755 et
828 697 1029 776 perspicuum,
1053 698 1076 754 si
1097 691 1265 755 cilicum

91 796 190 871 capite
213 791 234 854 9
259 795 476 872 coniungimus.

182 890 263 961 Quae
287 909 354 951 cum
379 893 417 950 ita
443 892 516 971 sint,
543 890 727 951 confidenter
750 891 930 952 contendere
954 891 1077 951 audeam
1102 910 1139 950 ex
1163 890 1265 950 eodem

91 992 305 1049 commentario
329 1008 354 1048 c.
377 986 417 1050 16
441 1007 457 1048 1
481 1007 540 1068 quo
564 991 659 1068 capita
679 985 709 1069 5,
729 982 803 1072 (6¹),
822 987 851 1069 8,
871 987 900 1070 9,
922 987 971 1070 14,
992 985 1034 1049 15
1058 988 1266 1067 depromptum

91 1105 172 1166 esse3
206 1095 235 1146 at
264 1085 421 1146 admodum
450 1095 636 1146 contractum
665 1097 694 1146 11
722 1086 928 1165 perturbatum
957 1087 1088 1166 videtur,
1120 1088 1165 1147 uti
1193 1086 1265 1146 ordo

92 1185 308 1244 sententiarum
337 1183 436 1263 aliquo
465 1183 552 1244 modo
581 1183 759 1243 obscuratus
788 1186 840 1259 sit,
868 1184 896 1244 id
927 1183 1005 1263 quod
1030 1186 1118 1244 etiam
1142 1202 1177 1243 eo
1201 1202 1267 1262 pro·

92 1281 181 1343 batur
210 1281 287 1361 quod
312 1291 416 1342 auctor
439 1285 469 1340 in
493 1301 518 1341 c.
541 1277 582 1343 15
605 1279 742 1341 homines
767 1281 840 1341 mala
864 1300 982 1360 semper
1006 1283 1155 1360 respicere
1179 1290 1267 1360 vetat,

91 1382 123 1440 in
147 1399 211 1459 cap.
233 1378 272 1442 16
297 1379 371 1440 mala
396 1398 514 1459 semper
537 1387 604 1439 ante
629 1378 731 1439 oculos
755 1378 864 1439 babere
888 1379 980 1440 iubet.
1018 1379 1121 1439 Nonne
1141 1379 1266 1438 alterum

90 1486 284 1556 praeceptum
308 1476 400 1538 altero
425 1477 539 1537 tollitur
562 1486 592 1536 et
615 1476 650 1536 ad
675 1478 793 1537 irritum
818 1475 987 1554 redigitur?

182 1578 219 1635 dt
238 1576 305 1655 iam,
324 1578 356 1635 ni
374 1575 468 1655 fallor,
486 1577 517 1635 in
537 1583 667 1635 mentem
686 1574 741 1634 tibi
760 1585 906 1635 venerunt
925 1593 1030 1635 versus
1044 1574 1086 1634 illi
1100 1574 1269 1635 Horatiani:

307 1712 425 1796 ‘Sperat
448 1717 579 1796 infestis,
603 1719 709 1776 metuit
733 1717 872 1776 secundis

307 1815 435 1876 Alteram
460 1821 571 1874 sortem
595 1813 670 1873 bene
694 1822 900 1892 praeparatum
925 1809 1056 1875 Pectus'

184 1964 315 2026 Similem
351 1973 423 2044 puto
458 1967 489 2025 in
523 1965 641 2025 modum
675 1973 827 2025 auctorem
861 1965 942 2026 illum
977 1983 1167 2045 progressum
1202 1983 1267 2025 esse

92 2067 179 2125 cuius
212 2063 320 2124 librum
352 2063 522 2123 adhibuisse
551 2081 616 2123 sese
645 2071 675 2123 et
703 2065 733 2122 11
762 2065 848 2122 amici
879 2081 965 2122 usum
995 2065 1057 2122 suis
1086 2063 1196 2122 chartis
1225 2064 1267 2121 in·

92 2164 224 2222 seruisse
253 2160 329 2221 Plut.
357 2164 421 2239 ipse
451 2161 560 2222 fatetur
585 2154 690 2244 (1.1).
736 2159 832 2221 Etiam
862 2159 910 2220 bic
935 2160 1022 2220 bomo
1045 2163 1197 2238 praecepit
1226 2193 1268 2202 -

92 2269 127 2321 ut
154 2270 258 2337 postea
285 2258 426 2319 Horatius
455 2293 511 2339 —‚
543 2260 586 2319 uti
614 2258 749 2318 homines
778 2260 809 2317 in
837 2257 969 2318 adversis
998 2258 1089 2319 rebus
1118 2266 1269 2317 versantes

93 2359 252 2417 haererent
274 2359 305 2417 in
330 2357 476 2416 bonorum
501 2375 552 2416 seu
577 2356 673 2417 adbuc
695 2355 867 2415 relictorum
887 2374 940 2415 seu
960 2359 1189 2434 praeteritorum
1209 2373 1268 2415 me·

94 2457 196 2535 moria,
220 2454 359 2514 secundis
382 2454 474 2514 rebus
498 2461 615 2539 utentes
640 2455 762 2513 intentis
786 2454 892 2512 animis
911 2456 941 2512 in
960 2452 1105 2513 malorum
1125 2454 1267 2530 recogita·

93 2557 206 2613 tionem
221 2551 437 2630 incumberent,
452 2570 489 2611 ne
505 2551 662 2631 improvidi
677 2550 776 2611 subito
788 2569 802 2609 a
815 2550 931 2611 fortuna
948 2553 1160 2630 arriperentur.
1184 2549 1268 2620 Quod

93 2655 118 2712 si
144 2652 289 2729 11111111,
315 2667 418 2709 omnes
442 2649 621 2709 calamitates
646 2649 731 2709 facile
756 2667 806 2708 eos
831 2666 972 2727 passuros
996 2657 1026 2709 et
1050 2645 1215 2727 εὐθυμίαν
1238 2650 1269 2708 11

92 2755 273 2828 perpetuum
306 2747 363 2806 sibi
395 2755 551 2825 paraturos
580 2765 654 2807 esse.
705 2745 817 2826 Capitis
845 2743 865 2804 9
894 2746 993 2806 verbis
1024 2764 1151 2826 quorum
1179 2764 1268 2825 supra

93 2847 276 2906 mentionem
297 2845 353 2904 feci
372 2844 427 2904 hae
447 2847 611 2905 sententiae
631 2844 762 2904 breviter
781 2846 983 2922 continentur,-
1001 2852 1031 2903 at
1051 2843 1123 2904 falso
1138 2844 1179 2905 ibi
1195 2844 1269 2904 Plut.

95 2943 168 3002 baec
197 2941 286 3002 verba
313 2943 462 3020 antecepit
492 2942 600 3020 quibus
628 2945 658 3002 in
687 2944 816 3020 genuino
846 2944 1058 3002 commentario
1087 2944 1150 3002 sine
1179 2941 1269 3002 dubio

95 3060 120 3102 c.
144 3036 184 3101 15
208 3058 276 3100 cum
300 3041 396 3117 capite
426 3036 463 3099 16
487 3039 724 3119 conglutinatum
749 3049 821 3099 erat.

185 3136 218 3196 ln
238 3136 377 3197 omnibus
394 3136 541 3216 capitibus
556 3136 711 3215 hucusque
728 3138 905 3216 percensitis
921 3135 1137 3196 Chaeronensis
1152 3154 1271 3215 operam

95 3236 146 3296 dat
175 3243 207 3295 ut
236 3235 433 3311 demonstret,
454 3234 609 3312 quomodo
638 3234 773 3294 homines
801 3233 837 3293 ab
861 3233 1032 3293 infortuniis
1056 3252 1087 3292 se
1112 3233 1270 3293 defendere

95 3335 225 3412 possint,
258 3350 409 3410 exponens
442 3331 606 3410 permultos
637 3350 723 3392 casus
752 3350 827 3410 quos
856 3349 986 3390 summas
1015 3331 1128 3391 ducunt
1156 3332 1270 3390 calami·

95 3438 173 3491 tates
201 3448 238 3490 ne
266 3428 400 3490 umbram
431 3429 550 3509 quidem
574 3433 701 3490 miserae
725 3429 908 3489 condicionis
932 3446 1002 3505 prae
1027 3447 1058 3488 se
1082 3429 1175 3509 ferre3
1203 3448 1271 3488 cou-

95 3529 176 3589 cedit
204 3546 273 3588 saue
304 3546 363 3588 non
391 3527 477 3606 plane
506 3528 610 3588 deesse
639 3531 668 3587 in
698 3528 758 3586 vita
785 3525 911 3586 humana
941 3524 1015 3584 mala
1043 3533 1073 3585 et
1100 3528 1271 3604 gravissima

96 3626 232 3706 quidem3
260 3635 290 3685 at
318 3633 406 3704 negat
430 3627 555 3702 sapienti
580 3625 652 3685 11111
677 3624 736 3684 ullo
761 3623 847 3684 modo
871 3640 979 3682 nocere
1003 3640 1105 3702 posse,
1133 3626 1272 3702 quoniam

96 3724 222 3784 rationis
247 3725 304 3782 vim
328 3732 358 3783 et
376 3725 467 3782 animi
486 3723 678 3801 tranquillum
699 3731 807 3783 statum
828 3739 932 3798 rapere
954 3721 1090 3779 fortunae
1112 3739 1271 3799 numquam

96 3822 193 3881 liceat.
239 3819 299 3881 lam
327 3820 383 3881 tibi
410 3822 595 3898 persuaseris
625 3806 712 3899 quam
740 3821 858 3898 egregie
887 3821 975 3878 etiam
1003 3837 1028 3877 1.
1052 3814 1090 3878 16
1119 3818 1178 3878 huc
1203 3837 1272 3898 qua-

97 3920 179 4000 dret3
206 3937 273 3978 nam
302 3927 363 3978 toto
392 3920 521 3996 capitum
548 3915 581 3998 9,
610 3914 740 3979 14-16
768 3927 942 3994 argumento
971 3917 1118 3975 evincitur
1147 3918 1273 3994 sapienti

97 4036 135 4077 11
164 4018 322 4094 pessimam
351 4016 471 4094 quidem
500 4026 610 4076 sortem
639 4016 729 4075 animi
758 4013 1002 4093 tranquillitatem
1031 4015 1147 4090 eripere
1175 4031 1273 4094 posse,

98 4114 226 4197 sedant
248 4113 322 4173 mala
347 4112 455 4192 quibus
479 4122 620 4192 urgeatur
643 4131 711 4172 cum
735 4111 821 4172 bonis
844 4111 956 4171 relictis
980 4111 1185 4188 praeteritisve
1205 4129 1272 4171 eum

99 4213 293 4272 commiscere
318 4205 415 4292 (capp.
435 4208 469 4289 83
490 4207 545 4291 14;
565 4206 622 4291 15)
647 4220 705 4290 111,
729 4209 798 4270 dum
819 4227 851 4267 ea
872 4207 1011 4267 felicitate
1032 4225 1118 4286 quam
1138 4207 1272 4285 plerique

98 4311 209 4370 summi
232 4309 341 4368 faciant
364 4308 489 4386 fruatur,
513 4316 572 4367 tam
595 4326 683 4387 saepe
708 4315 738 4367 et
761 4314 822 4366 tam
846 4307 986 4365 vivaciter
1005 4305 1042 4364 de
1063 4303 1148 4363 malis
1165 4305 1282 4380 opibus

154 4419 363 4459 Commentationes
377 4419 489 4459 ienensis.
515 4419 555 4463 VI.
894 4447 896 4450 .
1061 4406 1084 4453 b
