2754 4656
630 205 849 268 -ςρ-

155 387 300 469 χείριστα
324 381 482 463 συνάγειν
501 380 551 446 ἀεὶ
570 379 625 446 καὶ
645 382 892 462 διαλογίζεσθαι
910 377 965 444 καὶ
983 378 1240 463 προστετηκέναι
1258 389 1329 455 τοῖς

156 481 306 564 ἀνιαροῖς
329 480 475 565 ἀχρηστα
499 477 553 543 καὶ
576 481 615 542 τὰ
638 480 781 562 χρήσιμα
805 486 960 542 ποιοῦσιν
984 475 1134 554 ἑαυτοῖς’.
1143 475 1169 562 ¹)

243 581 352 642 Eadem
377 583 596 658 comparatione
621 589 723 640 noster
746 581 841 639 utitur
865 575 918 638 ‘lle
943 579 1092 657 tranquill.
1117 575 1175 640 an.'
1201 598 1226 639 c.
1246 576 1278 657 8,
1301 588 1328 637 at

157 681 270 739 ratione
292 679 378 757 plane
398 678 527 758 diversa3
552 696 619 738 nam
638 676 681 736 ibi
700 675 902 737 cucurbitulas
922 695 981 736 non
994 676 1107 755 laudat,
1132 676 1183 735 sed
1206 675 1328 735 stultum

156 777 305 837 hominem
334 794 401 836 cum
431 778 474 836 eis
501 786 652 854 comparat
676 775 722 834 iris
746 773 844 834 verbis
868 793 936 834 eum
961 774 1119 834 allocutus:
1149 769 1273 853 εὥσπερ
1297 769 1332 834 αί

156 871 268 935 σικύαι
290 871 328 935 τὸ
352 873 517 954 χείριστον
541 867 577 934 ἐκ
598 877 656 952 τῆς
679 869 801 953 σαρκὸς
823 866 994 950 ἕλκουσιν,
1019 867 1106 932 οὕτω
1128 869 1169 932 τὰ
1192 868 1329 932 κάκιστα

155 979 224 1032 τῶν
248 969 344 1032 ἰδίων
369 967 524 1049 συνάγεις
543 965 596 1032 ἐπὶ
614 964 759 1031 σαυτόν’.
792 969 856 1039 Qua
875 989 911 1030 ex
930 969 1095 1031 differentia
1116 971 1188 1029 satis
1207 978 1330 1048 apparet

153 1069 349 1133 ‚Plutarchum
375 1087 432 1128 nou
458 1071 555 1147 ipsum
579 1068 655 1129 hanc
678 1068 916 1148 similitudinem,
940 1086 1015 1147 quae
1038 1069 1126 1128 etiam
1150 1068 1240 1127 tertio
1266 1067 1329 1128 loco

157 1162 225 1246 (Ἧι
249 1162 433 1227 curiositate'
458 1163 491 1245 6,
515 1184 542 1243 p.
563 1163 626 1228 518
638 1159 674 1248 B)
705 1174 814 1245 exstat,
843 1166 901 1225 sibi
928 1169 1111 1242 excogitasse
1141 1165 1192 1225 sed
1217 1168 1248 1225 iu
1274 1164 1330 1226 col·

157 1265 298 1324 lectaneis
326 1266 388 1324 suis
417 1266 565 1323 invenisse
594 1264 703 1324 etalio
729 1265 792 1324 loco
816 1263 902 1323 aliter
924 1263 1160 1324 transformasse.
1208 1261 1274 1322 Hoc
1297 1281 1331 1323 eo
1371 1328 1373 1333 ,

158 1363 273 1423 facilius
301 1362 356 1423 tibi
384 1361 590 1443 persuadebis,
620 1363 643 1421 si
673 1362 861 1440 perspexeris
891 1363 978 1421 etiam
1007 1362 1094 1420 finem
1119 1362 1225 1439 capitis
1250 1360 1273 1420 4
1297 1379 1331 1419 ex
1371 1360 1373 1425 ἶ

156 1461 260 1520 eodem
288 1468 409 1520 auctore
433 1468 521 1538 atque
545 1461 803 1519 commentationis
827 1454 880 1518 ‘lle
904 1457 1053 1536 tranquill.
1078 1453 1136 1518 an?
1159 1458 1248 1536 louge
1275 1476 1330 1518 ma·
1371 1508 1373 1515 .

156 1560 250 1617 iorem
275 1566 389 1635 partem
413 1557 621 1636 depromptum
646 1575 711 1616 esse
736 1551 786 1637 (cl.
814 1555 957 1617 Gicseelte
979 1574 1007 1634 p.
1023 1552 1096 1636 61):
1119 1556 1186 1615 dico
1210 1554 1331 1616 Homeri
1371 1606 1373 1615 .

157 1655 236 1715 illam
260 1656 296 1714 de
321 1653 438 1715 duobus
462 1654 548 1714 doliis
571 1657 601 1714 in
620 1654 698 1714 lovis
721 1655 821 1713 limine
845 1656 950 1733 positis
970 1653 1222 1714 narratiunculam
1244 1672 1331 1732 quam

157 1773 172 1813 a
208 1755 331 1813 veritate
364 1752 450 1830 longe
484 1751 623 1813 aberrare
656 1751 732 1812 Plut.
765 1759 795 1811 et
823 1747 876 1811 ‘lle
900 1745 1000 1811 exillo'
1025 1751 1042 1811 l.
1067 1750 1084 1811 l.
1116 1761 1146 1811 et
1173 1747 1227 1811 ‘lle
1254 1761 1331 1812 tran-

157 1851 238 1929 quill.
258 1845 316 1911 an?
340 1870 365 1910 c.
388 1848 427 1910 14
452 1849 612 1929 contendit,
636 1852 704 1928 quia
729 1844 876 1921 ‘daueros
899 1843 935 1910 ἐν
960 1843 1064 1932 ἑαυτῷ
1088 1845 1128 1909 col
1150 1852 1209 1928 τῆς
1230 1845 1333 1910 εὐθυ-

155 1947 232 2029 μίάς
258 1941 314 2008 καὶ
341 1952 399 2026 τῆς
430 1945 620 2027 δυσθυμίας
647 1946 712 2027 ἔχει
738 1941 889 2027 ταμιεῖα’;
919 1947 1041 2006 candem
1066 1948 1245 2006 seutentiam
1272 1947 1334 2024 pari

158 2049 270 2106 ratione
295 2041 348 2105 ‘lle
374 2045 523 2122 tranquill.
542 2039 601 2104 an’
625 2063 649 2104 c.
669 2042 755 2105 4irn.
776 2043 918 2122 explicari
942 2063 1032 2122 supra
1056 2040 1098 2125 (p.
1113 2037 1172 2128 58)
1197 2046 1332 2104 vidimus.

246 2143 366 2203 Accedit
392 2142 470 2222 quod
496 2137 548 2202 ‘De
569 2142 718 2221 tranquill.
738 2136 796 2202 an'
821 2140 864 2203 14
891 2143 970 2202 inter
999 2161 1030 2201 se
1059 2151 1276 2220 comparantur
1302 2137 1335 2203 οί

158 2238 295 2321 ἀνόητοι
319 2237 407 2301 etot
427 2238 596 2320 φρόνιμοι,
624 2259 648 2300 c.
668 2237 754 2300 ofin.
778 2236 814 2300 ol
834 2236 1027 2303 ἀπαίδευτοι
1051 2247 1081 2298 et
1104 2234 1141 2299 οί
1160 2237 1333 2319 φρόνιμοι,

158 2358 212 2399 uec
245 2339 330 2398 aliter
358 2332 412 2397 ‘lle
436 2334 535 2397 exilio’
574 2337 631 2397 sibi
669 2346 861 2417 opponuntur
893 2335 929 2399 ol
957 2342 1041 2398 νοῦν
1074 2335 1206 2416 ἔχοντες
1240 2348 1272 2397 et
1303 2332 1336 2397 ολ

158 2435 280 2497 πολλοί
302 2454 376 2514 quae
402 2453 488 2494 voces
512 2435 589 2495 idem
614 2436 676 2495 iere
701 2436 868 2514 signiticant
891 2446 980 2514 atque
1003 2431 1039 2495 οί
1059 2429 1204 2513 ἀνόητοι.

246 2533 341 2593 Etiam
361 2551 465 2592 causas
485 2540 608 2611 propter
627 2551 699 2610 quas
720 2535 816 2593 minor
835 2552 905 2612 pars
926 2533 1078 2593 homiuum
1099 2535 1229 2612 sapiens
1244 2533 1332 2610 louge

158 2635 252 2692 maior
280 2630 368 2690 stulta
397 2630 592 2707 nuncupanda
622 2633 660 2690 sit
688 2633 718 2690 in
748 2639 875 2711 utroque
905 2630 980 2691 libro
1009 2631 1094 2709 plane
1124 2630 1246 2690 easdem
1270 2647 1333 2690 esse

158 2730 236 2789 idern
256 2726 399 2787 Giesecke
423 2730 591 2788 accuratius
615 2728 835 2789 demonstravit.
872 2728 994 2788 Praeter
1016 2747 1047 2788 ea
1073 2746 1149 2807 quae
1172 2728 1224 2788 hic
1248 2726 1332 2788 homo

158 2827 264 2886 doctus
292 2825 405 2904 attulit,
434 2844 520 2903 quarn
537 2825 648 2885 'alfiuia
677 2827 737 2884 sint
762 2822 814 2884 ‘lle
834 2821 933 2885 erilio'
958 2823 1024 2886 c.4
1052 2835 1082 2885 et
1105 2821 1159 2885 ‘lle
1185 2825 1331 2906 tranquill.

158 2919 215 2983 au’
240 2942 265 2983 c.
286 2921 305 2983 8
333 2925 420 2982 etiam
447 2923 491 2982 his
515 2922 703 2999 comprobari
727 2932 835 3001 potest:
865 2919 918 2983 ‘lle
943 2918 1042 2983 exilio'
1066 2923 1204 2984 homiues
1229 2918 1331 3004 ‘Quid

158 3015 269 3081 λυκοί
299 3024 507 3098 vituperantur
535 3029 657 3098 propter
681 3015 728 3081 ‘cd
753 3014 803 3080 ἀεὶ
828 3018 1131 3099 διαλογίζεσθαι
1154 3015 1210 3082 καὶ
1235 3033 1331 3100 κροσ-

158 3112 328 3196 τετηκέναι
355 3123 425 3190 τοϊς
452 3112 649 3194 ἀν,ιαροίς’
673 3151 715 3158 -
739 3127 769 3177 et
797 3118 943 3178 simillima
968 3121 1082 3193 ratione
1106 3113 1161 3178 ‘De
1185 3116 1330 3198 tranquill.
1370 3110 1373 3187 ἶ

159 3212 216 3276 an?
242 3213 271 3294 8,
289 3213 354 3275 469
367 3215 401 3294 Β,
432 3218 499 3293 qrria
530 3211 811 3295 κροσβιαζόμεθα
838 3223 907 3288 τοῑς
934 3223 1002 3276 τῶν
1025 3211 1203 3297 ἀνιαρῶν
1227 3212 1329 3278 ε’νδια-
1370 3202 1373 3243 ³

159 3313 287 3393 τρίβειν
319 3309 631 3392 ἀναλογισμοῑς’,
665 3331 724 3391 quo
757 3313 822 3372 loco
853 3315 1032 3375 antecedunt
1061 3313 1164 3375 verba:
1197 3309 1273 3395 ‘cdv
1298 3305 1329 3375 dl

124 3474 128 3479 ,
161 3408 314 3472 διάυοιαν
350 3406 539 3490 ἐντείνομεν
572 3408 619 3482 είς
651 3408 690 3470 τὰ
723 3407 879 3490 λυκηρά’,
917 3421 1083 3490 sequuntur
1115 3421 1226 3472 autem·
1252 3411 1328 3472 haec:

160 3505 319 3587 μονονοὺ
347 3506 404 3589 βία
432 3514 499 3566 τῶν
527 3505 707 3586 βελτιόνων
731 3503 1003 3581 ἀποσπάσαντες.
1049 3508 1127 3587 Ergo
1152 3511 1184 3569 in
1210 3519 1327 3589 utraque

159 3607 366 3665 dissertatione
395 3613 499 3663 auctor
528 3603 628 3664 cadem
654 3604 715 3664 iere
740 3608 768 3665 vi
792 3615 824 3665 et
848 3606 953 3665 ardore
977 3609 1006 3665 in
1032 3624 1083 3666 eos
1107 3606 1264 3668 invehitur
1285 3602 1352 3686 qui'

160 3704 354 3780 cogitationes
378 3720 447 3761 suas
470 3719 486 3759 a
511 3700 596 3760 bonis
621 3702 655 3760 ad
683 3703 754 3762 mala
779 3703 951 3765 deflectunt.

251 3795 303 3859 ‘lle
323 3793 422 3858 exilio'
448 3798 465 3858 l.
487 3799 503 3858 Ι.
527 3781 666 3876 legimus:
694 3795 1001 3880 ’ἀναλαμβάνουσαι
1025 3799 1251 3883 κουφιζουσί,
1277 3820 1328 3882 qno

160 3899 197 3958 ci.
221 3893 273 3957 ‘lle
294 3895 443 3970 tranquill.
463 3891 521 3955 an?
545 3915 569 3956 c.
591 3894 619 3977 8,
637 3894 741 3958 4698
765 3899 856 3960 med:
879 3895 1147 3978 ἀνακουφίζειν,
1172 3919 1198 3962 c.
1224 3898 1263 3964 15
1275 3904 1328 3964 du:

160 3988 483 4074 ροἰυαλαμβάνοντες’.
522 3990 574 4052 <lle
594 3995 742 4072 tranquill.
762 3992 819 4058 an'
843 3993 883 4057 14
904 3998 976 4058 dicit
995 4007 1112 4058 auctor:
1132 3993 1182 4059 ‘oi
1199 3994 1329 4081 ἀνόητοι

235 4218 265 4282 1)
286 4216 433 4271 Aristonis
461 4219 537 4274 hanc
567 4218 789 4275 similitudinem
815 4237 878 4275 esse
902 4221 1007 4274 commu
1028 4221 1119 4274 causis
1139 4224 1215 4278 satis
1236 4224 1330 4281 vilibus

125 4287 243 4358 Hense,
263 4292 321 4348 Βία.
337 4295 376 4351 Μ.
394 4303 443 4368 46,
463 4304 527 4358 560.
569 4303 593 4356 A
615 4301 771 4358 Gieseclrio
789 4301 876 4356 Bion't
891 4300 1038 4354 imbuitur.
