2754 4656
590 258 808 323 „95-

41 440 45 473 ·’
126 444 274 500 νοσοῦσιν
297 435 364 519 i‘lle
384 442 450 498 virt.
469 448 499 499 et.
518 436 593 500 vit.':
621 433 843 522 (νοσοῦντας)
870 435 1030 519 οὐδεμίαν
1053 435 1180 519 ἡδονὴν
1204 433 1283 500 οὐδὲ

122 530 211 614 χάριν
227 530 425 596 ἀποδίδωσι·
446 535 579 616 καθαρὰ
599 529 635 597 δὲ
653 530 708 596 καὶ
728 533 913 615 ἀκραιφνὴς
931 531 1038 614 ὄρεξις
1056 534 1282 615 ὑγιαίνοντι

120 629 237 712 σώματι
264 638 332 693 πᾶν
360 629 435 712 ἡδὺ
462 631 588 695 crocei?
635 634 677 694 ct.
702 630 754 693 ‘tte
775 635 922 712 tranquill.
942 630 1001 693 an.'
1025 635 1042 694 l.
1063 634 1092 696 l.:
1121 626 1281 713 <ἦλθενὴ

119 722 244 806 ὑγίεια
270 731 367 811 φίλα
393 727 499 792 πάντα
527 736 696 793 ποιοῦσα
723 725 778 791 καὶ
805 728 976 811 προσηνῆῖ
1027 731 1138 792 Similia
1167 740 1284 791 exstant

118 829 201 888 etiam
224 825 726 909 ‘Desan.tuenda'12,128Cll,
750 829 802 888 ubi
826 829 945 889 voculae
969 838 1147 908 repetuntur
1170 826 1284 890 ‘coiv-

117 920 213 999 tala‘a'
233 936 262 986 et
281 923 520 1005 <ιιροιιπιιλιῦσί.
557 926 589 986 ln
610 927 742 987 eiusdem
762 929 1018 986 commentationis
1038 930 1142 1007 capitis
1164 925 1205 988 10
1220 929 1282 987 init.

116 1026 277 1101 requiritur
309 1012 419 1100 ‘oica
449 1021 585 1085 λεπτόν’
613 1033 643 1084 et
671 1021 837 1104 ‘arripe
865 1022 1059 1104 καθαρόν’
1088 1043 1142 1085 neo
1170 1044 1185 1084 a
1216 1024 1283 1084 libri

115 1110 170 1179 ‘lle
193 1124 256 1182 virt.
276 1135 306 1181 et
325 1118 387 1182 vit.'
411 1121 428 1181 l.
449 1121 465 1182 l.
490 1122 580 1181 distat
603 1142 627 1182 c.
651 1119 888 1201 14,129}3sq.:
917 1117 983 1182 ‘dei
1009 1166 1043 1183 ..
1071 1129 1138 1183 τῶν
1166 1117 1282 1182 ὕπνων

113 1255 150 1276 ·.
173 1213 224 1278 καὶ
253 1216 482 1299 διασπασμοὺς
509 1216 725 1298 εὐλαβεῖσθαι
753 1213 808 1279 καὶ
836 1226 902 1278 τῶν
931 1213 1098 1280 ἐνυπνίων
1123 1216 1184 1298 τὴν
1208 1215 1282 1280 ἀτο-

111 1311 201 1393 νίαν,
224 1313 327 1396 ἄνπερ
348 1308 409 1377 ὦσι
428 1313 471 1397 μὴ
491 1316 625 1397 νόμιμοι
644 1309 726 1397 μηδὲ
746 1315 905 1394 συνήθεις
924 1313 960 1375 αι’
977 1316 1166 1395 φαντασίαι,
1188 1318 1283 1396 πλῆ-

110 1410 187 1486 θος
199 1409 219 1494 ἢ
233 1411 355 1495 πτίχος
367 1410 499 1494 ὑγρῶν
513 1410 533 1494 ἢ
549 1412 733 1493 πνεύματος
747 1411 892 1493 ταραχὴν
907 1410 999 1486 ἐντὸς
1009 1411 1282 1495 κατηγοροῦσαν,

108 1522 189 1582 quae
216 1512 305 1572 verba
329 1515 417 1573 etiam
442 1511 477 1572 ad
502 1531 535 1571 ea
559 1511 692 1572 alludunt
717 1530 791 1590 qnae
814 1511 888 1571 l‘lut.
913 1507 965 1570 ‘De
987 1515 1052 1572 virt.
1073 1520 1102 1572 et
1122 1509 1222 1573 vit.'?
1247 1513 1282 1572 de

107 1597 200 1669 bonis
222 1609 366 1689 malisque
390 1611 545 1670 insomniis
569 1602 730 1691 disseritl)

201 1707 313 1767 lterum
345 1708 381 1767 ad
410 1707 478 1767 libri
506 1703 558 1767 ‘De
584 1711 647 1768 virt.
668 1716 696 1767 et
717 1703 779 1768 vit.'
802 1705 867 1766 aa
896 1708 1056 1767 redeuntes
1085 1707 1218 1767 videmus
1247 1707 1282 1767 ab

102 1793 162 1861 illa
186 1803 220 1865 de
239 1808 374 1884 corporis
393 1804 560 1865 valetudine
581 1814 610 1865 et
630 1805 740 1864 morbis
760 1805 959 1882 disputatione
979 1814 1199 1883 transgressum
1218 1806 1284 1865 fieri

100 1894 147 1955 dd
174 1905 260 1962 animi
285 1903 406 1962 humani
429 1902 536 1962 bonam
560 1903 724 1981 malamque
747 1903 960 1962 condicionem.
1002 1901 1059 1972 Oui
1079 1913 1283 1979 transgressus

98 1991 241 2060 efficitur
264 2000 312 2060 his
336 2000 447 2060 verbis:
472 1994 675 2079 ’τοιαύτην
698 1996 715 2060 ὁ
740 1998 855 2078 λόγος
874 1993 1031 2078 ἐμποιεῖ
1046 2004 1085 2080 τῇ
1104 2005 1193 2080 ψυχῇ
1214 1998 1284 2060 διοί-

95 2085 233 2159 θεσιν’.
253 2144 257 2151 .
278 2096 338 2157 lam
363 2094 420 2157 ‘lie
440 2098 588 2176 tranquill.
608 2094 666 2159 an'
686 2096 770 2159 aun.
794 2106 824 2156 et
846 2095 945 2157 4init.
974 2105 1077 2157 auctor
1106 2101 1167 2177 pari
1197 2098 1283 2158 modo

92 2183 147 2246 ab
173 2196 274 2255 eodem
299 2195 434 2273 exemplo
455 2196 555 2255 eadem
575 2199 718 2255 transitus
738 2195 862 2254 formula
883 2195 917 2253 ad
939 2213 971 2254 ea
991 2214 1022 2253 sc
1042 2197 1189 2255 convertit
1208 2214 1283 2274 quae

91 2275 163 2351 ilira
190 2295 408 2371 comparatione
437 2292 630 2372 comprobare
661 2292 786 2370 volebat,
818 2311 884 2352 cum
913 2291 999 2352 dicit:
1032 2289 1236 2373 (τοιαύτην
1264 2289 1282 2353 ὁ

89 2373 300 2469 λογισμὸς
333 2386 487 2451 εὐκολίαν
520 2385 574 2450 καὶ
602 2387 787 2470 μεταβολὴν
815 2385 1039 2468 ἐγγενόμενος
1067 2398 1177 2450 ποιεῖ
1201 2389 1284 2470 πρὸς

90 2465 252 2550 ἕκαστον
274 2483 371 2567 βίον.

200 2581 253 2645 ’δε
274 2583 421 2663 tranquill.
441 2581 500 2644 an'
519 2582 634 2663 c.4sq.
659 2586 821 2662 accipimus
845 2585 1090 2664 qualemcumque
1115 2585 1190 2645 ntae
1215 2605 1283 2645 con·

88 2668 259 2744 dicionem
279 2701 397 2743 suavem
419 2683 509 2769 rideri
530 2684 665 2762 sapienti,
689 2682 851 2760 eademque
871 2685 1016 2742 sententia
1037 2684 1065 2741 in
1087 2682 1178 2742 libelli
1198 2683 1283 2743 nobis

90 2783 257 2861 Dropositi
280 2781 401 2841 exordio
425 2783 528 2858 paucis
552 2781 730 2859 delineatur,
754 2783 796 2840 nti
821 2783 851 2838 in
875 2788 1013 2858 promptu
1039 2782 1077 2839 sit
1101 2781 1131 2838 in
1156 2787 1283 2859 utroque

90 2881 223 2957 scripto
257 2897 293 2939 ex
326 2879 429 2938 eadem
461 2880 679 2955 comparatione
712 2878 814 2937 eadem
847 2877 1021 2937 transeundi
1054 2879 1167 2937 ratione
1198 2877 1283 2955 plane

91 2976 236 3037 eandem
261 2976 367 3036 deduci
393 2978 578 3036 sententiam.
604 3010 646 3017 -
671 2973 730 3034 Vox
753 2971 929 3047 ‘decideres'
948 2973 1107 3035 Plutarcho
1127 2975 1283 3035 admodum

91 3065 264 3135 familiaris
293 3082 352 3154 est3
386 3092 450 3132 nam
480 3091 512 3133 ea
542 3075 636 3133 utitur
665 3075 752 3131 etiam
782 3068 834 3131 ‘lle
861 3071 1008 3151 tranquill.
1034 3069 1092 3133 an?
1115 3070 1149 3151 4,
1171 3069 1283 3151 466r;

95 3164 229 3251 16lin.;
249 3170 289 3232 17
307 3171 395 3251 med.;
417 3168 457 3232 18
473 3172 521 3231 sm.
541 3173 717 3249 saepiusque
738 3174 825 3230 etiam
845 3171 875 3229 in
895 3169 960 3229 aliis
981 3169 1072 3229 libris.
1111 3169 1284 3247 Sequuntur

92 3257 164 3330 ‘De
184 3271 251 3329 virt.
271 3278 302 3329 et
320 3264 382 3329 vit.'
402 3268 419 3328 Ι.
439 3268 455 3328 Ι.
476 3269 573 3329 Stoica
602 3275 766 3328 commenta
796 3286 869 3345 quac
898 3284 983 3344 quam
1011 3268 1134 3326 maxime
1154 3269 1183 3325 in
1204 3285 1283 3327 mon-

94 3370 169 3428 tem
194 3366 281 3426 nobis
305 3374 444 3426 revocant
468 3361 521 3425 ‘De
541 3364 689 3444 tranquill.
709 3361 766 3425 an'
790 3384 814 3424 c.
832 3363 881 3442 12,
907 3364 958 3423 ubi
981 3364 1100 3423 eaedem
1125 3364 1186 3424 iere
1207 3363 1282 3423 Stoi·

95 3481 215 3525 corum
240 3466 479 3524 ratiocinationes
504 3463 539 3523 ab
562 3464 738 3522 adversariis
762 3461 969 3522 defenduntur.
993 3454 1281 3541 —'‘'Artqolypmv'

97 3573 139 3623 et
164 3562 253 3621 homo
277 3564 320 3621 rei
343 3560 478 3640 publicae
501 3561 676 3621 muneribus
700 3560 816 3620 deditus
841 3559 1008 3637 parimodo
1033 3568 1120 3637 atque
1141 3559 1280 3619 hocloco

102 3662 232 3739 saepius
255 3658 312 3718 sibi
336 3667 534 3737 opponuntur.
576 3658 618 3719 Cf.
643 3677 731 3736 supra
755 3678 782 3736 p.
802 3654 844 3718 86
856 3676 899 3735 sq.

203 3756 314 3816 Deinde
337 3755 413 3817 Plut.
437 3757 562 3815 affirmat
590 3775 644 3816 nos
668 3774 754 3834 posse
780 3750 959 3833 πανταχοῦ
984 3753 1041 3831 ζῆν
1063 3749 1189 3834 ἡδέως,
1219 3759 1281 3834 qui-

107 3853 168 3915 bus
193 3853 292 3914 verbis
311 3861 405 3914 totum
425 3852 516 3912 libelli
535 3849 587 3912 ‘lle
608 3849 707 3913 exilio'
726 3853 933 3930 argumentum
952 3851 1223 3930 comprehenditur.
1238 3886 1280 3894 —

109 3952 249 4012 Proxima
274 3951 362 4011 verba
386 3947 561 4030 ‘edoceret
582 3963 618 4011 σε
642 3951 784 4021 πλοῦτος
807 3947 951 4020 πολλοὺς
974 3945 1222 4028 εὐεργετοῦντα’
1246 3951 1280 4008 ad

112 4051 219 4127 capitis
244 4047 260 4111 1
287 4049 376 4109 finem
401 4048 548 4123 alludunt,
578 4049 628 4108 ubi
651 4049 789 4127 legimus:
819 4043 974 4118 <πλοῦτος
995 4042 1100 4124 ἡδίων
1126 4089 1154 4106 ..
1179 4040 1220 4107 ἂν
1243 4046 1280 4107 τὸ

114 4142 178 4206 ἀπὸ
200 4150 259 4226 τῆς
280 4151 388 4226 ψυχῆς
410 4144 467 4227 ἔχῃ
489 4143 616 4225 γῆθος.
659 4145 768 4205 Eodem
792 4145 857 4205 loco
877 4144 952 4204 Piut.
973 4144 1092 4221 exponit
1116 4144 1203 4202 otiam
1229 4162 1281 4205 eos

207 4357 231 4424 l)
250 4354 320 4408 Ibid.
339 4354 373 4425 (c.
390 4355 434 4423 14)
454 4354 602 4407 occurrunt
620 4350 743 4421 plurales
763 4346 898 4421 ‘dilapidet
916 4348 974 4402 καὶ
993 4345 1123 4421 φίβοι’.
