2754 4656
567 197 787 258 -79-

181 374 272 434 Unica
297 384 343 435 est
366 376 530 436 differentia
555 376 632 453 quod
658 379 687 436 in
711 375 808 436 libello
829 372 881 435 ‘lle
902 372 1001 435 exilio'
1020 376 1056 435 ab
1075 378 1142 436 istis
1161 377 1261 436 simili·

90 470 247 532 tudinibus
277 475 418 533 transitus
447 474 480 534 fit
507 475 541 534 ad
571 476 664 552 ipsam
693 476 836 533 rationem
865 493 923 551 qua
952 474 1100 533 bominem
1128 474 1261 534 fortunae

88 587 178 627 casus
196 572 331 648 accipere
347 570 457 649 deceat,
477 581 579 630 contra
595 574 625 631 in
641 570 738 630 libello
753 567 805 630 ‘De
821 572 970 651 tranquill.
981 568 1038 631 an.'
1054 573 1262 633 similitudines

91 667 146 725 boc
176 667 333 727 consilium
363 676 542 748 sequuntur,
571 671 614 728 nti
643 671 685 728 eis
715 677 828 728 tantum
855 670 1030 729 stabiliatur.
1057 702 1101 713 -
1129 672 1166 729 dt
1189 670 1262 730 haec

90 764 258 824 dilierentia
282 766 342 825 stili
366 773 420 846 est,
444 785 511 825 oum
532 766 747 827 Chaeronensis
771 771 998 827 commentarios
1023 786 1097 846 quos
1116 771 1263 847 expressit

90 865 244 942 nimirum,
270 872 359 941 prout
381 865 497 924 occasio
522 883 554 923 se
578 863 727 944 offerebat,
751 866 915 924 variaverit.
961 865 1262 925 Animadvertendum

90 963 180 1019 etiam
206 961 353 1039 estquod
379 960 586 1021 Menemaclrus
610 963 804 1044 vituperatur,
829 963 906 1041 quod
932 981 990 1022 non
1013 972 1098 1022 curet
1117 959 1167 1023 ‘cd
1186 962 1263 1043 χρη-

91 1071 173 1136 σιμα
196 1065 263 1118 τῶν
286 1055 519 1139 παρόντων’,
543 1062 591 1119 oui
616 1062 779 1120 sententiae
803 1064 913 1139 optime
933 1061 1093 1138 respondet
1112 1057 1164 1120 'lle
1185 1070 1263 1120 tran-

91 1155 174 1233 quill.
195 1151 252 1214 an.'
277 1175 302 1216 c.
317 1154 466 1235 &4691
486 1165 514 1217 et
534 1155 567 1236 Β,
590 1157 641 1216 ubi
666 1160 773 1217 iterum
798 1158 888 1217 lrabcs
914 1177 999 1218 voces
1022 1156 1211 1236 πάρεστιν
1235 1170 1264 1218 et

90 1258 300 1334 παροῦσιν.
341 1254 384 1314 Cl.
408 1274 432 1314 c.
454 1252 495 1315 14
511 1256 570 1314 init.
598 1250 789 1335 ‘acaptare
812 1253 851 1315 rol
874 1252 1022 1335 χρηστοί’.

183 1351 305 1411 Accedit
329 1353 407 1430 quod
431 1352 477 1412 vel
501 1352 613 1430 singula
640 1353 727 1412 verba
752 1356 781 1412 in
807 1362 931 1430 utraque
951 1355 1175 1432 quaestiuncula
1196 1374 1264 1414 con-

93 1448 233 1509 cordant:
257 1448 347 1508 habes
372 1447 609 1529 συμπτώματα,
633 1448 802 1529 μιγνύναι,
824 1446 1055 1531 ἀποστρέφειν,
1080 1448 1158 1525 ὄφιν
1183 1445 1264 1535 (vide

93 1538 210 1628 supra),
233 1555 412 1625 προσηνῶν
429 1581 474 1589 -
491 1552 654 1626 προσηνῆ,
678 1555 857 1627 προσηνῶν
876 1543 916 1630 (c.
937 1542 998 1630 15),
1020 1555 1202 1628 μαραυγεῖν
1220 1583 1264 1592 -

94 1638 316 1724 ἐξαμαυροῦν,
340 1640 477 1706 ἀνίατον
495 1680 539 1687 -
557 1641 714 1724 ἀνιαρῶν.
752 1642 804 1705 ‘lle
824 1641 894 1705 an.’:
919 1641 1031 1724 ἀηδῶν
1050 1679 1093 1689 -
1113 1642 1165 1706 ‘lle
1185 1657 1264 1707 tran-

94 1741 177 1819 quill.
198 1737 256 1802 an.'
280 1762 305 1802 o.
326 1740 368 1803 15
384 1746 458 1804 init:
482 1739 603 1822 ἀηδῶν.
641 1763 665 1805 c.
686 1741 797 1804 8init.:
820 1738 947 1823 &ottob

184 1838 251 1898 Pari
277 1840 363 1899 modo
387 1840 479 1900 libelli
497 1836 550 1900 ‘ue
570 1838 668 1901 exilio'
692 1844 860 1920 proximum
884 1850 972 1919 caput
991 1834 1030 1923 (c.
1046 1835 1082 1923 4)
1102 1862 1167 1902 cum
1189 1843 1264 1902 libro

93 1934 148 1997 ‘lle
169 1936 318 2017 tranquill.
338 1934 395 1998 an.'
419 1941 584 1999 arctissime
609 1941 823 2000 conectendum
848 1947 901 2000 est.

184 2035 217 2094 ln
251 2038 356 2113 capitis
383 2039 467 2097 initio
496 2035 571 2096 Plut.
600 2055 653 2096 nos
682 2039 820 2097 admonet
852 2046 884 2096 ut
912 2032 1133 2115 ’φιλοσόφως’
1162 2048 1263 2098 contra
1316 2066 1319 2071 ·

95 2135 245 2193 fortunam
276 2152 331 2193 nos
359 2137 561 2214 accingamus;
595 2153 692 2195 nonne
721 2135 778 2194 hoc
806 2137 837 2193 in
866 2137 1035 2194 memoriam
1065 2135 1119 2194 tibi
1147 2145 1266 2196 revocat

94 2225 149 2290 ‘be
166 2231 314 2309 tranquill.
330 2227 387 2292 an.'
407 2250 489 2310 capp.
507 2230 545 2292 17
563 2241 592 2292 et
608 2230 658 2305 18,
682 2233 734 2292 ubi
753 2229 857 2307 ‘dolore
875 2251 909 2291 τε
928 2226 1065 2312 χρησταὶ
1085 2227 1139 2292 καὶ
1158 2233 1265 2312 μαθη-

94 2323 193 2407 ματα’
219 2335 251 2388 ut
274 2348 421 2389 summum
446 2330 668 2408 tranquillitatis
691 2329 903 2389 adminiculum
924 2330 1168 2391 commendantur
1187 2340 1216 2390 et
1235 2326 1265 2391 ‘b

94 2423 157 2504 τὴν
181 2432 237 2506 τῆς
259 2432 367 2507 ψυχῆς
391 2426 495 2507 φύσιν
520 2423 722 2506 ἁμωσγέπως
746 2423 901 2489 ἑπινοῶυ’
927 2436 959 2486 ut
982 2428 1069 2487 homo
1089 2447 1104 2487 a
1124 2447 1266 2506 quocum-

94 2543 154 2602 que
178 2542 247 2585 oasu
272 2532 355 2585 tutus
378 2522 568 2586 celebratur?

184 2620 244 2682 Neo
273 2641 305 2682 ea
334 2641 409 2701 quae
438 2633 605 2701 sequuntur
634 2624 813 2702 neglegenda
837 2642 902 2683 esse
927 2623 1069 2684 Giesecke
1094 2633 1174 2684 recte
1199 2643 1264 2702 per-

95 2713 241 2802 spexit²);
264 2739 331 2780 uam
356 2731 385 2779 et
409 2724 573 2781 sententiae
597 2731 627 2782 et
652 2722 739 2782 verba
759 2724 883 2796 repetita
903 2722 965 2781 lere
985 2733 1055 2781 sunt
1074 2741 1108 2781 ex
1129 2724 1225 2800 capite
1245 2719 1265 2782 3

96 2827 181 2877 etex
202 2817 270 2876 libri
290 2813 343 2877 ‘lle
364 2818 510 2896 tranquill.
531 2815 588 2881 an.'
608 2818 754 2896 capitibus
773 2816 802 2895 5,
823 2816 852 2898 8,
876 2816 922 2897 14,
945 2816 984 2879 15
1004 2813 1145 2901 (redeunt
1165 2838 1266 2880 voces:

97 2909 259 2995 ἀνιαροῖς,
280 2914 434 2995 χρήσιμα,
452 2913 492 2975 τὰ
510 2915 657 2995 χείριστα
676 2923 751 2977 τῶν
772 2913 884 2976 ίὸίων
904 2943 946 2965 =
967 2913 1019 2977 ‘lle
1041 2918 1188 2996 tranquill.
1208 2912 1265 2977 an.'

96 3011 127 3093 9,
146 3011 258 3074 46911ε
286 3012 326 3073 τὰ
353 3011 489 3074 κάκιστα
516 3021 592 3074 τῶν
619 3008 755 3096 ίὸίῶν).
802 3013 887 3073 lubet
910 3023 1014 3074 auctor
1037 3018 1067 3074 in
1091 3015 1146 3074 hoc
1171 3018 1266 3093 capite

95 3112 233 3171 homines
266 3110 349 3170 bouis
381 3130 456 3189 quae
486 3121 603 3189 praesto
633 3112 707 3171 lorte
736 3114 796 3170 sint
825 3105 877 3193 (τὰ
905 3109 1067 3192 παρόντα)
1095 3117 1209 3173 ratione
1237 3122 1267 3173 et

96 3209 254 3287 prudentia
282 3211 340 3288 uti,
369 3209 446 3288 quod
475 3210 630 3269 consilium
661 3211 770 3286 optime
799 3211 929 3270 conciuit
958 3229 1024 3271 oum
1049 3211 1267 3270 dissertationis

97 3302 150 3366 ‘lle
176 3306 325 3385 tranquill.
345 3302 401 3366 an.’
426 3306 573 3386 capitibus
592 3304 611 3366 9
632 3316 662 3366 et
683 3304 732 3368 16.
771 3306 898 3385 Usurpat
922 3316 1020 3368 autem
1047 3327 1132 3368 voees
1156 3327 1190 3368 ex
1211 3309 1266 3368 ela-

97 3408 173 3463 tiore
203 3402 270 3462 stllo
298 3407 405 3481 petitas
435 3415 466 3464 ut
494 3399 743 3479 ἀναζωπυρεῖν
768 3414 797 3464 et
821 3401 1059 3486 ἀναθάλπειν,
1088 3405 1264 3484 quibuscum

96 3500 235 3562 conferas
258 3495 311 3560 ‘De
337 3501 483 3580 tranquill.
503 3497 561 3561 an.'
588 3498 641 3581 15,
660 3500 770 3564 473v:
794 3498 1030 3564 ‘dvuuvedouc’.

187 3597 306 3658 Maioris
334 3606 431 3658 autem
461 3603 601 3660 momenti
630 3610 676 3659 est
704 3600 864 3660 similitudo
893 3601 928 3659 de
956 3601 1151 3660 cucurbitulis
1176 3604 1265 3680 petita

97 3715 173 3774 quae
199 3691 252 3755 ‘lle
271 3692 372 3755 exilio'
393 3696 411 3756 l.
427 3697 443 3757 l.
464 3706 567 3776 exstat,
592 3698 643 3757 ubi
666 3696 862 3758 cucurbitulis
886 3717 960 3775 quae
984 3695 1032 3757 ‘rb
1056 3697 1266 3777 φαυλότατον

96 3790 133 3855 ἐκ
165 3798 227 3854 τοῦ
259 3791 408 3873 σώματος
436 3790 729 3874 ἀναλαμβάνουσαι
756 3794 950 3874 κουφίζουσι
977 3789 1032 3854 καὶ
1060 3789 1200 3877 σφ’ζουσι
1228 3795 1265 3857 τὸ

96 3886 229 3952 λοιπόν’
262 3901 453 3970 opponuntur
485 3889 532 3953 ‘ot‘
561 3891 740 3970 φιλόλυποι
771 3888 826 3954 καὶ
858 3888 1029 3972 φιλαίτιοί
1063 3895 1115 3970 qui
1142 3888 1198 3976 ‘cpi
1226 3891 1265 3954 τὰ

191 4139 216 4199 11
235 4132 311 4188 Haeo
330 4134 425 4189 omnia
444 4152 514 4203 quae
533 4134 649 4204 exposui
668 4135 743 4204 apud
762 4135 938 4189 Gieseckium
957 4135 1065 4190 desunt.

98 4263 100 4266 .
189 4220 216 4281 2)
235 4211 303 4268 (lum
328 4215 419 4269 verbis
442 4232 514 4282 quae
538 4218 691 4284 sequuntur
715 4212 760 4271 ‘lo
787 4207 808 4288 ᾧ
836 4212 958 4284 μάλιστα
980 4218 1075 4282 ποιοῖς»
1093 4216 1217 4281 bosqueto
1236 4209 1290 4257 πὶ-

92 4295 183 4360 φνιιε’
202 4295 235 4346 cr:
260 4295 310 4347 ‘De
330 4294 473 4362 tranquill.
495 4297 552 4352 an.’
578 4303 621 4368 14,
638 4296 725 4354 4an
739 4298 818 4354 med.
