2754 4656
577 210 798 274 ,63-

102 389 241 449 iucundis
266 383 306 469 (c.
327 387 368 450 18
384 384 447 468 tin.)
471 408 540 467 nec,
564 392 595 449 in
619 389 710 449 rebus
733 390 872 450 secundis
897 408 1031 467 versans,
1056 390 1130 449 mala
1154 407 1230 469 quae
1250 393 1278 449 ei

103 489 258 546 imminent
281 490 444 565 praesentit
467 484 507 566 (c.
528 484 593 566 16).

192 583 330 644 Extrema
354 586 458 662 capitis
481 583 520 647 18
543 584 630 645 verba
650 585 806 644 manifesto
826 604 880 645 nos
900 588 1028 658 reiciunt
1052 587 1085 645 ad
1107 588 1213 663 capitis
1237 583 1275 645 lt

103 684 235 762 initium,
264 681 314 741 ubi
331 682 446 741 »eadem
475 684 588 742 ratione
614 679 665 742 ‘rol
689 678 867 762 ἀβούλητα
892 682 1065 743 dividuntur
1089 685 1118 742 in
1143 702 1177 743 ea
1202 701 1277 761 quae

104 775 215 860 ‘prices
238 777 275 839 τὸ
299 780 428 839 λυποῦν
451 773 506 840 καὶ
529 775 689 859 βαρῦνον
714 798 784 857 prae
809 799 840 840 se
867 781 966 839 lertrnt
990 790 1020 840 et
1044 799 1076 840 ea
1102 799 1176 860 quae
1203 779 1277 839 nihil

103 887 173 938 sum
206 879 264 937 nisi
296 872 345 938 ‘rb
377 874 643 957 κατεψευσμένον
674 872 729 938 καί
763 875 917 939 διάκενον
953 872 1006 938 καλ
1040 874 1194 957 σαθρόν’,
1234 881 1276 938 uti

104 969 208 1056 ‘dorp'
232 984 345 1036 tanturn
366 974 438 1034 mala
464 974 549 1034 nobis
573 976 736 1036 videantur.

191 1072 313 1132 Accedit
341 1073 429 1132 aliud.
476 1072 507 1133 ln
537 1075 642 1151 eapitis
669 1071 708 1134 18
733 1074 790 1133 sure
815 1073 849 1133 ad
874 1075 929 1133 ista
955 1073 1116 1134 infortunia
1141 1074 1278 1134 funditus

104 1169 231 1231 tollenda
261 1171 425 1247 requiritur
454 1165 488 1231 ‘d
517 1164 603 1230 καθ’
632 1165 796 1231 ἕκαστον
826 1165 967 1251 λόγος’,
995 1190 1049 1230 nec
1076 1190 1145 1231 vero
1173 1174 1204 1231 in
1235 1174 1278 1232 eis

102 1286 176 1346 quae
206 1276 374 1345 sequuntur
402 1269 548 1328 eiusmodi
573 1272 707 1346 quaestio
732 1269 766 1327 ad
792 1267 906 1346 singula
932 1269 1005 1327 mala
1031 1277 1168 1348 spectans
1193 1271 1277 1330 insti·

103 1368 211 1444 tuitur3
244 1373 347 1424 contra
375 1367 405 1424 in
434 1368 529 1443 capite
557 1365 594 1425 tt
624 1365 699 1425 Plut.
730 1365 879 1425 nonnullis
907 1366 1050 1444 exemplis
1078 1366 1218 1427 adhibitis
1248 1370 1277 1428 iu

103 1463 178 1523 hauc
202 1480 266 1522 rem
290 1480 393 1521 revera
417 1464 542 1540 inquirit
567 1460 621 1545 ‘193
647 1465 793 1545 λογισμῷ
817 1460 899 1539 πρὸς
918 1458 1068 1524 ἕκαστον
1091 1457 1279 1546 (e.18lrn.)‚

103 1563 148 1620 oti
173 1563 281 1620 iterum
305 1561 426 1638 patefiat
445 1563 550 1637 capitis
571 1558 612 1622 18
632 1561 754 1620 aiteram
774 1569 886 1639 partem
907 1579 974 1621 cum
996 1563 1100 1640 capitis
1123 1558 1160 1622 17
1182 1564 1279 1640 prima

104 1667 186 1737 parte
210 1665 241 1717 et
265 1676 332 1717 cum
356 1660 452 1736 capite
478 1655 519 1718 16
544 1659 779 1736 coniungendam
804 1677 878 1717 esse.

192 1756 229 1814 ht
261 1762 446 1815 transeamus
480 1755 597 1815 tandem
631 1755 666 1815 ad
697 1758 791 1834 capita
823 1752 863 1815 19
892 1765 922 1815 et
950 1753 1001 1816 20.
1047 1755 1080 1814 lu
1109 1759 1206 1833 capite
1238 1754 1278 1818 19

104 1856 212 1913 iterum
237 1853 312 1912 duae
335 1861 435 1931 partes
457 1854 656 1914 secernendae
676 1862 746 1913 sunt
766 1871 841 1932 quae
860 1852 1007 1912 rhetorica
1029 1862 1142 1913 tantum
1163 1856 1278 1914 ratione

104 1950 259 2010 Menandri
286 1968 374 2010 versu
403 1951 529 2029 quodam
559 1954 610 2029 qui
638 1951 785 2028 duplicem
814 1952 844 2009 in
875 1951 993 2010 modum
1019 1951 1186 2011 illustrator
1209 1971 1279 2013 con·

104 2049 264 2127 glutinatae
289 2041 401 2130 suut.¹)

192 2146 234 2206 hc
260 2146 354 2223 prima
379 2146 499 2224 quidem
523 2164 592 2224 pars
616 2154 718 2224 aperte
743 2146 881 2205 cohaeret
905 2165 971 2206 curu
997 2148 1102 2223 capitis
1125 2144 1163 2207 18
1190 2166 1278 2226 quem

105 2246 176 2304 satis
204 2245 390 2303 excussimus
419 2244 489 2321 tine,
520 2243 570 2302 ubi
599 2243 858 2303 demonstrabatur
885 2246 1018 2322 ineptum
1043 2262 1109 2303 esse
1134 2244 1279 2305 malorum

105 2339 325 2420 φαντασίας
341 2336 568 2419 ὑφίστασθαα
592 2344 648 2400 ianr
673 2340 748 2400 Plut.
773 2341 909 2400 homines
933 2342 1083 2420 admonet,
1108 2360 1144 2400 ne
1170 2342 1280 2402 faciant

106 2435 155 2499 ‘dv
186 2434 275 2520 αὑτῷ
309 2435 366 2510 τὰς
398 2438 618 2518 φαντασίας
647 2434 824 2518 ἀτρίπτους
850 2432 904 2498 καλ-
934 2433 1059 2510 ἀπαλάς
1087 2435 1197 2518 ὥσπερ
1228 2435 1280 2500 ἐν·

106 2532 415 2616 σκιατραφούμενον
447 2537 585 2608 πολλαῖς
618 2527 748 2598 ἐλπίσιν
779 2532 993 2608 ὑπεικούσαις
1024 2529 1075 2595 ἀεὶ
1106 2530 1162 2596 καὶ
1196 2535 1280 2617 πρὸς

106 2626 211 2713 μηδὲν
234 2629 521 2709 ἀντιτεινούσαις’;
545 2634 653 2712 quibus
677 2634 775 2694 verbis
799 2634 959 2693 edocemur
984 2636 1069 2694 eroice
1092 2634 1201 2694 stultos
1222 2636 1280 2694 for-

105 2741 194 2791 tunae
215 2731 304 2790 malas
323 2730 504 2791 calamitates
524 2749 582 2790 uon
600 2750 694 2811 aequo
710 2741 944 2810 praeparatoque
959 2739 1080 2808 pectore
1096 2743 1279 2813 exspectare,

106 2829 156 2888 sed
186 2827 266 2888 velut
294 2827 429 2888 homines
459 2828 573 2888 deliciis
601 2828 724 2889 obrutos
753 2832 782 2888 in
808 2828 945 2888 mollibus
970 2830 1206 2908 effeminatisque
1232 2851 1280 2892 co·

106 2925 297 3004 gitationibus
326 2925 360 2985 ad
390 2925 523 2987 futurum
548 2925 752 3005 spectantibus
776 2928 979 3006 acquiescere3
1008 2945 1106 2986 nonne
1131 2928 1280 2990 simillime

106 3025 183 3083 idem
207 3026 237 3082 in
262 3025 367 3101 capitis
388 3021 428 3085 18
448 3024 506 3084 fine
530 3023 576 3083 his
601 3023 699 3084 verbis
722 3027 913 3102 exprimitur:
936 3019 1078 3104 <ἐμποιεῖ
1097 3019 1151 3085 καὶ
1177 3029 1280 3106 μαλα-

106 3121 183 3182 κίαν
210 3117 231 3199 ἡ
259 3114 334 3197 περὶ
361 3120 399 3181 τὸ
428 3117 552 3203 ῥᾷστον
579 3115 630 3182 ἀεὶ
657 3119 873 3201 διατρίβουσα
897 3117 951 3183 καλ
975 3119 1057 3202 πρὸς
1079 3122 1116 3183 τὸ
1140 3120 1280 3202 ἥδιστον

107 3215 142 3279 ἐκ
165 3226 232 3278 τῶν
256 3214 451 3297 ἀβουλήτων
475 3214 694 3300 ἀναχωροῦσα
712 3219 926 3299 γλυκυθυμία
945 3224 1002 3297 τῆς
1020 3216 1160 3299 υυχῆς’Ῥ
1198 3223 1281 3294 Quae

106 3335 175 3376 cum
207 3319 246 3375 ita
278 3318 350 3395 siut,
383 3316 537 3395 hucusque
566 3311 676 3398 (usque
706 3318 740 3375 ad
770 3313 1099 3396 c.19‚476umeo.)
1128 3323 1281 3396 pertinent

106 3416 300 3491 cogitationes
328 3432 402 3491 quae
426 3415 572 3492 capitibus
599 3412 638 3475 16
663 3422 692 3474 et
713 3412 753 3474 17
778 3414 955 3474 incohantur
979 3433 1110 3492 quasque
1136 3416 1193 3477 hoc
1218 3419 1280 3479 lere

107 3511 194 3570 modo
213 3511 408 3589 circumloqui
429 3511 511 3572 licet:
531 3514 557 3571 si
577 3511 730 3570 mediisin
751 3511 841 3571 rebus
860 3530 893 3571 es
912 3512 1060 3591 secundis,
1080 3513 1141 3572 noli
1160 3532 1280 3595 semper

106 3608 191 3668 hilari
221 3609 317 3668 auimo
346 3610 376 3667 in
406 3611 448 3668 eis
478 3608 600 3669 haerere
629 3602 810 3690 (c.18lin.;
836 3606 876 3669 19
891 3603 984 3692 init),
1013 3609 1063 3669 sed
1094 3614 1212 3689 respice
1237 3617 1279 3673 in·

107 3705 235 3765 fortunia
260 3705 290 3762 iu
314 3723 389 3782 quae
412 3704 567 3765 celerrime
591 3706 723 3766 incidere
747 3715 833 3784 potes
852 3701 978 3788 (e.16);
1002 3725 1057 3766 nee
1076 3712 1279 3772 necessarium

107 3810 152 3862 est
177 3802 274 3861 denno
298 3801 455 3883 explicare,
479 3821 565 3880 quam
587 3810 654 3882 apte
674 3803 746 3863 haee
766 3806 862 3863 omnia
882 3822 949 3864 cum
969 3807 1062 3864 totius
1081 3804 1174 3867 libelli
1194 3809 1280 3869 nobis

107 3901 253 3978 propositi
272 3897 370 3957 indole
390 3902 570 3979 conspirent,
590 3900 804 3979 lleinziumque
824 3903 953 3961 relutare
974 3904 1025 3979 qui
1043 3896 1085 3984 (p.
1100 3898 1183 3985 501)
1201 3907 1280 3967 inter

107 4015 132 4056 c.
153 3994 194 4058 18
219 4005 301 4076 extr,
325 4014 350 4055 c.
372 3992 412 4055 19
436 4006 466 4056 et
489 4015 514 4056 c.
536 3994 577 4058 15
600 3998 795 4059 differentiam
820 4000 939 4058 maioris
963 4002 1106 4059 momenti
1123 4001 1279 4082 indagasse

186 4223 217 4282 1)
238 4218 282 4273 Fr.
299 4225 352 4274 365
363 4222 451 4278 Koch.
491 4223 653 4280 Invenimus
675 4223 730 4278 hoe
753 4222 947 4294 fragmentum
961 4224 1007 4277 his
1024 4225 1101 4292 opud
1119 4225 1278 4292 Stobneum,

34 4262 148 4376 'saar
166 4295 183 4342 ι
199 4301 220 4362 7,
241 4303 279 4348 aa
298 4299 351 4365 W.‚·
372 4301 474 4360 rrorrr.
492 4310 629 4376 111‚10‚)
