2754 4656
154 1111 177 1170 Α
205 1109 299 1170 media
328 1109 391 1170 lere
419 1107 508 1171 huius
537 1109 648 1171 saeculi
675 1119 771 1192 parte,
799 1121 956 1192 postquam
982 1109 1113 1194 Heeren,
1142 1110 1235 1192 hang,

63 1207 113 1268 alii
137 1210 212 1268 viam
237 1210 513 1290 praemuniverunt,
539 1205 674 1268 homines
698 1209 786 1289 docti,
810 1209 939 1270 hrnoldo
964 1209 1086 1271 Schaler
1109 1213 1235 1271 maxime

63 1315 94 1366 et
113 1306 216 1366 Curtio
236 1303 430 1366 Wachsmuth
454 1304 589 1386 ducibus,
613 1307 722 1367 mirum
746 1317 889 1386 quantum
914 1309 1059 1368 sudarunt
1081 1310 1113 1369 in
1136 1316 1235 1370 aucto·

63 1404 148 1465 ribus
181 1422 255 1482 quos
283 1403 461 1464 Plutarchus
490 1405 520 1463 in
549 1406 617 1464 ritis
646 1407 708 1464 suis
736 1408 917 1485 expresserit
944 1407 1168 1489 investigandis,
1201 1426 1236 1467 ea

63 1500 288 1581 progredientes
317 1503 444 1581 ratione,
473 1504 517 1561 oti
545 1503 641 1561 omnia
668 1501 730 1562 lere
755 1520 830 1581 quae
854 1522 889 1564 ex
913 1502 995 1564 hisce
1020 1504 1235 1564 Chaeronensis

62 1599 204 1679 operibus
236 1598 388 1659 lucramur
419 1602 526 1679 partim
559 1599 595 1658 ad
628 1618 719 1660 unum
749 1602 856 1679 partim
884 1601 921 1661 ad
949 1602 1023 1662 duos
1052 1602 1149 1663 fontes
1177 1610 1236 1662 ret·

63 1696 195 1757 tulerint.
560 1761 561 1766 ,

153 1794 216 1864 Qua
240 1797 270 1855 in
295 1814 327 1855 re
352 1795 464 1875 palmae
487 1813 559 1874 prae
583 1797 692 1856 ceteris
715 1799 991 1877 appropinquarunt
1009 1797 1106 1880 Peter,
1130 1796 1235 1877 Ruehl,

62 1892 250 1952 Hermannus
279 1891 410 1972 Sauppe,
442 1892 619 1953 venerabilis
651 1893 700 1954 ille
733 1894 948 1974 philologorum
978 1898 1117 1976 princeps
1147 1915 1234 1976 quem

62 2000 130 2050 ante
155 1990 230 2049 duos
253 2008 346 2050 annos
369 1998 464 2074 morte
489 1991 574 2050 nobis
598 2000 735 2071 ereptum
760 2011 825 2053 esse
845 1996 1022 2074 cuicumque
1042 1996 1107 2053 eins
1126 1993 1235 2055 scholis

62 2091 209 2148 interesse
233 2086 340 2148 licebat
363 2087 459 2148 adhuc
483 2088 573 2167 luget.

152 2187 189 2246 tt
213 2204 390 2264 quamquam
414 2187 519 2264 ingens
543 2186 683 2266 paulatim
707 2188 810 2249 talium
830 2189 1123 2267 quaestiuncularum
1142 2189 1234 2251 moles

62 2292 204 2363 congesta
240 2293 299 2362 est,
335 2291 433 2344 tamen
465 2282 552 2344 hodie
586 2303 689 2345 omnes
722 2303 816 2365 paene
849 2287 900 2363 qni
931 2286 1084 2347 Plutarchi
1115 2290 1235 2368 scriptis

62 2401 183 2462 operam
214 2381 284 2440 dant
315 2380 371 2441 hac
403 2381 440 2441 de
472 2383 518 2441 via
551 2383 758 2464 decesserunt,
790 2402 858 2444 eum
886 2383 1088 2444 intellexerint
1115 2388 1234 2446 minime

60 2474 401 2560 illos‘cppaoapdgovg’,
424 2488 458 2538 ut
481 2498 552 2540 voce
577 2489 644 2541 ntar
662 2479 949 2569 Plutarcheapinter
973 2500 1004 2542 se
1027 2484 1185 2542 convenire
1205 2494 1236 2544 et

61 2577 120 2637 sibi
142 2579 347 2656 persuaserint
369 2584 483 2637 tantum
508 2577 620 2658 abesse,
644 2587 677 2638 nt
701 2577 833 2638 amabilis
856 2578 906 2639 hic
928 2581 1058 2659 scriptor
1077 2579 1234 2642 Boeoticus

61 2675 273 2741 historicorum
311 2693 392 2734 more
425 2682 559 2734 veterum
592 2684 747 2737 auctorum
781 2676 981 2739 voluminibus
1014 2687 1152 2739 accurate
1186 2680 1234 2739 ad·

62 2771 165 2832 hibitis
193 2780 222 2831 et
250 2775 405 2850 perpensis
434 2774 566 2832 virorum
594 2772 754 2834 illustrium
783 2776 859 2836 lacta
890 2778 1037 2836 enarrarit
1064 2783 1115 2835 aut
1143 2765 1235 2835 ‘dsto-

61 2868 214 2950 μνήματα
239 2866 398 2949 ἱστορικοί
423 2869 554 2955 undique
579 2870 738 2950 collegerit,
762 2881 795 2933 nt
823 2875 887 2933 eius
911 2875 987 2932 vitae
1011 2881 1042 2931 et
1064 2874 1145 2950 ipsae
1165 2889 1233 2950 pars

61 2970 122 3028 sint
149 2966 350 3047 φιλοσοφίας
375 2963 495 3048 ἠθικῆς
518 2987 573 3029 nec
598 2968 766 3030 ullomodo
792 2971 909 3029 secerni
933 2971 1048 3048 possint
1071 2988 1087 3028 a
1112 2970 1233 3047 scriptis

62 3064 237 3144 moralibus,
270 3084 337 3126 com
366 3065 442 3126 Plnt.
471 3066 624 3127 enucleate
658 3067 785 3128 fateatur
818 3066 946 3127 voluisse
979 3085 1044 3126 sese
1073 3068 1234 3144 specimina

61 3163 151 3222 edere
176 3166 249 3223 vitae
273 3163 350 3223 bene
374 3165 573 3224 instituendae
597 3173 627 3224 et
651 3165 726 3225 hanc
750 3174 863 3225 tantum
884 3164 921 3223 ob
942 3181 1060 3223 causam
1079 3159 1148 3243 ‘sqq
1166 3170 1234 3224 τῶν

60 3258 147 3339 βίων
170 3257 320 3332 ἅψασθαι
342 3267 521 3341 γραφῆς..
541 3258 650 3342 ὥσπερ
675 3257 711 3323 ἐν
736 3257 883 3344 ἐσόπτρῳ
906 3266 946 3342 τῇ
969 3256 1098 3344 ἱστορίᾳ
1115 3257 1232 3340 πειρώ-

60 3377 166 3437 μενον
194 3353 283 3439 ἁμῶς
310 3353 351 3437 γέ
370 3375 441 3430 πως
462 3367 599 3439 κοσμεῖν
622 3353 676 3420 καὶ
700 3355 889 3439 ἀφομοιοῦν
912 3357 995 3439 πρὸς
1018 3356 1075 3431 τὰς
1098 3353 1233 3419 ἐκείνων

61 3449 119 3538 (sc.
143 3454 295 3515 hominnm
319 3450 555 3540 praeclarorum)
579 3452 694 3537 ἀρετὰς
716 3455 775 3517 τὸν
798 3450 929 3538 βίονῖῑ)

152 3551 232 3622 Quae
256 3571 325 3612 cum
348 3554 390 3614 ita
413 3555 481 3633 sint,
504 3552 582 3613 baud
606 3554 732 3615 multum
755 3554 852 3615 valere
874 3551 1033 3614 Plutarcho
1056 3551 1233 3613 ridebantur

60 3652 223 3728 insignium
247 3652 379 3711 virorum
404 3669 452 3710 res
477 3657 576 3730 gestae
601 3652 710 3730 quibus
732 3653 810 3713 domi
829 3650 958 3728 bellique
978 3657 1093 3709 ceteros
1112 3668 1232 3729 supera-

61 3747 135 3807 bant
167 3766 298 3826 quasque
331 3766 431 3808 rerum
461 3750 622 3826 scriptores
651 3751 757 3808 summi
785 3749 910 3830 iaciunt3
945 3755 1047 3808 contra
1075 3746 1232 3809 admodum

62 3847 130 3904 eius
153 3847 297 3905 intererat
320 3843 438 3905 illorum
462 3864 561 3905 mores
581 3864 668 3924 quam
687 3844 897 3907 dilucidissime
917 3845 1096 3926 describere,
1120 3847 1165 3906 uti
1183 3847 1233 3906 alii

61 3943 199 4002 homines
227 3960 279 4002 eos
306 3951 428 4020 possent
455 3944 572 4002 imitari.
623 3942 742 4003 Minime
769 3945 909 4004 nimirum
935 3943 1081 4004 contendo
1106 3944 1232 4005 Chaero-

61 4057 186 4099 nensem
219 4055 341 4115 magnos
371 4037 436 4098 illos
464 4038 623 4099 historicos
650 4039 687 4100 ab
715 4039 863 4101 Herodoto
891 4058 985 4119 usque
1013 4042 1049 4102 ad
1077 4041 1231 4122 Polybium

155 4230 180 4298 1)
200 4227 234 4283 el.
250 4227 444 4300 Wechsmuth,
462 4226 627 4300 Einlaitung
645 4228 674 4284 in
692 4228 742 4285 dos
757 4227 886 4284 Studium
904 4230 953 4286 der
969 4231 1047 4286 alten
1062 4230 1231 4286 Gesebichle

59 4327 88 4380 p.
105 4315 156 4364 219
167 4327 227 4378 sqq.

1000 4395 1036 4450 qo
