2754 4656
621 247 840 314 -54-

147 432 334 494 manualibus
362 434 494 493 omnium
523 430 660 491 manibus
689 432 767 490 tritis
795 448 898 490 eorum
928 432 1090 491 sententias
1119 433 1260 509 petivisse
1289 434 1320 490 in

148 532 211 591 dics
240 549 327 610 spero
356 531 433 610 lore,
460 539 494 589 ut
517 528 627 589 clarius
650 528 700 588 liat
724 536 753 589 et
776 526 911 588 homines
936 528 1014 588 docti
1039 529 1096 589 sibi
1120 529 1322 608 persuadeant

149 647 207 689 non
227 631 324 688 omnia
344 646 419 707 quae
439 628 553 706 profert
573 625 773 686 Chaeronensi
793 626 943 685 allluxisse
964 645 999 685 ex
1018 625 1202 705 Xenocratis,
1225 626 1321 686 Theo·

148 726 271 805 phrasti,
294 725 454 805 Posidonii,
477 723 615 803 Musunii,
639 723 748 785 nedum
768 740 804 782 ex
823 724 970 783 Aristonis
989 724 1126 784 Bionisve
1150 724 1244 805 libris,
1268 725 1320 784 sed

149 842 216 883 eum
240 826 337 901 ipsum
361 823 462 882 lontes
483 820 578 881 adisse
603 828 633 880 et
656 838 761 899 magno
786 822 855 880 usui
878 821 964 880 nobis
988 839 1053 881 esse
1073 822 1109 882 ad
1130 824 1238 882 veteris
1257 821 1323 900 pbi-

148 919 298 999 losophiae
326 919 481 980 historiam
508 916 737 978 illuminandam.
762 916 869 978 -lta
899 936 924 978 e.
943 937 968 997 g.
994 919 1030 978 de
1059 919 1113 979 deo
1143 928 1172 979 et
1201 919 1322 979 oraculo

149 1017 289 1096 Delphico
322 1018 515 1095 cogitationes
549 1015 756 1076 commendare
790 1022 820 1074 et
852 1015 982 1075 stabilire
1017 1015 1117 1076 studet
1146 1019 1324 1077 commentis

150 1110 372 1196 Heracliteis¹)3
390 1112 536 1192 permulta
556 1111 744 1191 Empedoclis
764 1114 928 1173 carminum
948 1114 1075 1176 frustula
1094 1133 1151 1175 una
1172 1114 1323 1176 Plutarchi

150 1231 239 1292 opera
263 1222 388 1273 aetatem
408 1211 554 1291 tulerunt3
578 1218 667 1289 atque
687 1212 774 1270 etiam
795 1209 996 1271 democritum
1016 1221 1166 1274 auctorem
1188 1222 1323 1274 nostrum

150 1313 268 1389 saepius
305 1309 476 1370 adhibuisse
511 1319 541 1369 et
573 1311 752 1388 inspexisse,
790 1310 834 1368 uti
866 1308 1043 1370 adminicula
1076 1310 1215 1389 praebeat
1248 1329 1324 1390 quae

151 1426 293 1487 spernere
317 1409 438 1468 minime
462 1406 531 1466 licet
554 1408 598 1466 eis
622 1408 673 1485 qui
692 1405 850 1466 Abderitae
872 1416 1037 1468 commenta
1057 1426 1124 1469 cum
1143 1411 1174 1467 in
1193 1408 1324 1488 physicis

152 1516 215 1567 tum
247 1508 279 1566 in
309 1505 415 1566 ethicis
444 1505 562 1583 egregia
590 1513 619 1564 et
647 1506 928 1565 commemoratione
956 1505 1126 1584 dignissima
1156 1508 1325 1567 accuratius

152 1603 317 1663 delinienda
351 1602 407 1663 sibi
440 1611 661 1681 proposuerunt
693 1600 748 1661 alia
777 1621 864 1680 spero
893 1605 1047 1663 occasione
1075 1622 1121 1663 me
1151 1604 1325 1682 comproba·

151 1693 295 1784 turum.²)

145 1862 147 1865 ,
242 1797 322 1868 Quae
351 1800 449 1857 omnia
478 1800 502 1857 si
531 1797 823 1879 comprehendimus,
851 1799 908 1857 iam
935 1798 971 1858 ad
995 1797 1139 1878 liquidum
1164 1799 1326 1862 deductum

153 1905 198 1956 est
232 1895 469 1956 Chaeronensem
507 1913 693 1974 nequaquam
726 1895 818 1955 luisse
851 1913 966 1955 merum
1000 1896 1236 1977 compilatorem,
1275 1898 1326 1958 sed

153 1992 331 2073 quamquam
359 2010 484 2071 prorsus
509 1993 619 2071 pendet
641 2011 657 2052 a
681 1992 832 2070 prioribus
856 1992 1038 2054 Graecorum
1062 1995 1259 2073 scriptoribus
1284 2029 1325 2038 -

154 2092 182 2151 id
208 2091 286 2170 quod
310 2089 359 2150 illa
383 2098 479 2150 aetate
503 2092 632 2169 propriis
656 2090 811 2150 sententiis
836 2091 956 2149 minime
980 2090 1148 2151 abundante
1171 2093 1258 2172 plane
1278 2110 1327 2152 ne·

154 2208 237 2251 cesse
271 2197 334 2249 erat
362 2223 404 2231 —
434 2196 533 2248 tamen
567 2188 815 2265 exquisitissimos
845 2187 946 2247 saltem
976 2197 1006 2248 et
1033 2191 1201 2249 rarissimos
1229 2190 1328 2251 sontes

155 2306 212 2348 non
242 2286 337 2347 solum
361 2280 522 2365 Graecos³)
548 2284 599 2344 sed
624 2287 711 2344 etiam
735 2277 891 2367 Latinos⁴)
915 2286 1045 2364 undique
1070 2290 1269 2368 congessisse,
1298 2288 1328 2348 id

154 2385 233 2464 quod
263 2403 297 2444 eo
326 2386 418 2462 magis
447 2391 610 2443 memoratu
639 2383 817 2461 perdignum
846 2391 904 2463 est,
932 2385 1001 2460 quia
1028 2383 1220 2445 Plutarchum
1250 2385 1327 2445 baud

155 2484 231 2543 bene
251 2482 287 2542 de
301 2481 501 2542 Romanorum
521 2480 620 2558 lingua
640 2479 806 2559 litterisque
826 2480 963 2540 edoctum
981 2481 1073 2541 luisse
1089 2484 1160 2542 satis
1175 2477 1329 2566 constat.⁵)

247 2753 273 2820 1)
302 2752 354 2805 ‘De
378 2749 415 2804 El
441 2750 517 2818 apud
539 2748 677 2818 Delphos'
707 2765 730 2802 c.
753 2755 784 2802 18
808 2747 866 2802 fere
889 2749 982 2802 totum
1004 2748 1194 2819 fragmentum
1217 2752 1330 2807 videtur

156 2831 318 2902 philosophi
336 2828 452 2899 Ephesii
471 2827 540 2883 satis
560 2826 713 2896 copiosum.

246 2913 274 2981 2)
293 2911 333 2963 De
353 2907 507 2964 Democriti
525 2907 591 2961 stilo
610 2906 747 2963 iudicium
765 2907 821 2961 lert
841 2908 966 2974 ‘Quaest
987 2908 1125 2978 Sympos'
1147 2911 1171 2964 V
1187 2918 1210 2979 7,
1226 2918 1279 2967 638
1291 2912 1329 2982 A,

158 2992 253 3048 confer
272 3006 318 3059 ea,
337 3005 409 3058 quae
428 2987 616 3042 Wachsmuth
636 2988 673 3040 ad
692 2986 817 3042 Timonis
837 2986 955 3042 Phliasii
973 2991 1036 3046 snt
1058 2989 1207 3059 congessit.

246 3075 274 3139 3)
297 3069 346 3124 Eis
369 3085 441 3138 quae
465 3085 549 3137 supra
572 3067 689 3137 exposui
712 3067 783 3121 adde
808 3068 882 3135 quod
907 3067 978 3122 Plut.
1002 3067 1033 3121 in
1056 3069 1193 3124 clarorum
1212 3071 1330 3127 Atheni·

159 3153 267 3208 ensium
285 3149 352 3205 vitis
371 3148 521 3218 diligenter
538 3145 722 3216 perlustravit
739 3146 848 3201 Crateri
861 3147 1022 3202 Macedonis
1044 3147 1245 3219 ‘papiopdrrov
1264 3171 1331 3207 ooo-

159 3228 352 3302 opaprtv‘pin
370 3227 657 3283 Lacedaemoniorum
679 3227 745 3281 vitis
766 3226 878 3296 saepius
897 3227 996 3282 laudat
1013 3222 1216 3284 Aristocratem
1235 3237 1332 3288 aucto-

158 3329 217 3366 rem
242 3311 312 3366 alias
335 3308 418 3379 plane
441 3306 578 3376 ignotum.
621 3307 666 3376 (cf.
686 3307 802 3376 Lycurg.
823 3323 845 3360 c.
866 3307 956 3375 liin,
980 3325 1003 3361 c.
1023 3314 1055 3361 31
1074 3310 1117 3364 fin.
1155 3309 1331 3379 Philopoem.

160 3409 183 3447 c.
205 3398 236 3445 to
251 3390 336 3458 med.)
360 3384 364 3391 ’

249 3475 277 3536 4)
296 3468 370 3522 Nam
389 3469 540 3523 admodum
559 3467 656 3522 dubito
675 3485 740 3520 num
755 3466 827 3521 Plat.
845 3466 940 3520 omnia
959 3483 1031 3535 quae
1046 3470 1082 3522 ad
1097 3469 1238 3525 Romanos
1253 3489 1332 3542 spec-

161 3553 224 3606 tant
247 3551 333 3604 lubae
356 3550 417 3618 regi
441 3548 555 3616 debeat,
579 3564 750 3615 quamquam
775 3547 835 3600 eius
859 3547 945 3601 libros
969 3545 1119 3602 Plutarcho
1142 3553 1222 3605 notos
1246 3551 1333 3607 luisse

161 3631 280 3701 apparet
304 3645 337 3683 ex
360 3630 435 3683 vitae
455 3626 571 3682 Sertorii
591 3643 650 3697 oap.
667 3633 691 3680 3.
728 3627 770 3680 Ex
789 3627 914 3680 Varrone
938 3628 1077 3695 permulta
1100 3629 1160 3683 sine
1184 3629 1270 3685 dubio
1291 3632 1332 3685 lu-

162 3712 255 3766 cratus
280 3710 330 3764 est.
368 3706 494 3762 Sallustii
517 3706 662 3773 historias,
686 3705 757 3760 Livii
781 3723 863 3775 opus,
888 3705 982 3762 Sullae
1006 3710 1035 3761 et
1054 3705 1195 3762 Ciceronis
1219 3708 1254 3764 de
1273 3710 1334 3765 vita

162 3808 213 3845 sua
232 3786 446 3843 commentarios
465 3788 500 3853 (v.
517 3787 620 3854 supra),
640 3786 759 3839 fortasse
778 3785 865 3840 etiam
885 3785 1025 3840 Ciceronis
1045 3784 1178 3841 Catonem
1196 3787 1332 3843 maiorem

162 3886 217 3925 non
244 3868 402 3937 ignorabat.
444 3864 504 3919 Neo
531 3882 587 3918 non
612 3864 681 3918 satis
704 3865 886 3920 memorabile
910 3867 953 3919 est
975 3867 1050 3933 quod
1072 3865 1101 3919 in
1125 3866 1235 3920 Luculli
1257 3868 1334 3923 vitae

163 3967 186 4006 c.
202 3956 235 4004 33
250 3946 363 4002 Horatii
381 3945 528 3999 nonnullos
547 3961 643 3998 versus
662 3945 722 4014 (Ep.
739 3945 751 3996 I
766 3953 790 4013 6,
805 3951 839 3998 45
849 3947 901 4014 sq.)
920 3945 1027 3999 laudat.
1060 3945 1094 3999 cf.
1112 3950 1225 4014 praeter
1239 3947 1332 4001 Kiess-

162 4027 245 4097 lingii
264 4025 474 4081 adnotationem
488 4024 601 4092 Heinae,
622 4024 674 4078 ‘De
689 4023 804 4078 Horatio
819 4024 917 4078 Bionis
935 4024 1088 4079 imitatore'
1105 4043 1132 4093 p.
1145 4030 1184 4080 11.
1217 4026 1332 4096 Gerclre,

164 4110 215 4163 Rh.
230 4107 267 4161 M.
284 4109 331 4173 43,
350 4110 385 4158 lt
396 4122 436 4173 sq.

253 4191 279 4252 o)
305 4185 367 4250 Qua
390 4184 424 4238 de
447 4203 477 4238 re
497 4184 569 4238 Plut.
594 4184 655 4252 ipse
680 4184 811 4239 certiores
835 4200 885 4238 nos
903 4183 973 4237 l'acit
990 4183 1019 4237 in
1039 4185 1179 4239 Demosth.
1200 4186 1249 4239 vit.
1269 4203 1292 4240 c.
1308 4193 1333 4242 2.

164 4267 199 4322 cf.
215 4265 383 4332 Volkmann,
402 4265 536 4318 Plutarch
554 4264 566 4316 Ι
581 4269 615 4318 35
627 4281 666 4332 sq.
699 4265 812 4334 Heinze,
832 4265 849 4318 l.
865 4263 884 4320 l.
902 4263 932 4317 in
950 4263 1109 4318 universum
1129 4265 1256 4319 evincere
1276 4269 1333 4321 stu·

164 4349 224 4416 det,
243 4345 395 4412 Plutarchi,
414 4343 538 4412 Luciani,
557 4344 673 4397 Maximi
693 4343 777 4412 Tyrii,
797 4344 915 4398 aliorum
935 4341 1069 4411 exemplis
1089 4343 1192 4412 allatis,
1211 4345 1332 4402 Graecos
