2754 4656
566 269 606 277 ..
654 231 696 296 59
743 269 785 276 -

91 405 152 493 μὲν
175 409 309 492 βάλλειν
333 409 395 474 οὐκ
419 406 471 492 ἐφ’
493 407 585 492 ἡμῖν,
607 409 645 472 τὸ
669 405 706 473 δέ
725 408 959 491 προσηκόντως
978 403 1134 490 δέχεσθαι
1153 407 1193 471 τὰ
1211 431 1261 490 γι-

90 509 237 591 γνόμενα
263 508 353 591 παρὰ
379 515 438 590 τῆς
464 506 564 590 τύχης
587 504 641 571 καὶ
664 505 778 589 νέμειν
801 502 926 594 ἑκάστῳ
949 507 1068 587 τόπον,
1098 503 1135 570 έν
1158 494 1184 591 ᾧ
1208 503 1264 569 καλ

91 607 129 670 τὸ
154 606 303 669 οἰκεῖον
327 603 489 687 ὠφελήσει
515 603 655 687 μάλιστα
678 601 733 669 καὶ
756 603 793 668 τὸ
818 601 1042 689 ἀζβούλητον
1064 603 1182 685 ἥκιστα
1206 607 1263 667 λν-

91 705 189 787 πύσει
224 705 302 779 τοὺς
340 700 631 786 ἐπιτυγχάνοντας,
668 698 828 784 ἡμέτερον
864 701 964 784 ἔργον
997 700 1101 782 ἐστίν,
1138 698 1185 763 ἀν
1222 699 1264 764 εύ

92 797 345 884 φρονούμεν’ν
370 812 400 863 et
431 805 462 863 in
495 802 628 863 eiusdem
661 804 765 880 capitis
798 802 856 861 line
884 810 1000 862 exstant
1028 801 1113 862 baec:
1146 796 1198 863 ‘ol
1224 792 1264 861 dl

92 900 300 982 φρόνιμοι,
327 897 480 979 καθάπερ
506 907 578 973 ταῖς
602 899 766 979 μελίτταις
789 893 883 979 φέρει
907 893 980 978 μέλι
1003 896 1039 959 τὸ
1065 895 1265 978 δριμύτατον

92 992 149 1060 καὶ
177 994 355 1079 ξηρότατον
383 995 401 1060 δ
429 995 553 1078 θύμος,
582 993 689 1070 οὕτως
716 993 779 1058 ἀπὸ
802 1003 869 1057 τῶν
893 993 1162 1077 δυσχερεστάτων
1186 996 1265 1058 πολ·

93 1092 186 1169 λάκις
215 1093 416 1177 πραγμάτων
445 1093 597 1157 οἰκεῖόν
624 1115 660 1156 τι
687 1089 752 1156 καὶ
779 1093 974 1175 χρήσιμον
1002 1089 1115 1167 αὑτοῖς
1144 1090 1265 1173 λαμβά-

92 1190 213 1274 νουσι’,
242 1195 291 1256 cui
315 1193 502 1254 similitudini
527 1193 562 1253 ab
586 1193 691 1272 apibus
715 1195 825 1271 petitae
849 1192 996 1252 simillima
1020 1210 1053 1253 ea
1078 1200 1122 1252 est
1142 1209 1217 1270 quae
1237 1194 1267 1250 in

93 1294 191 1371 capite
215 1290 234 1354 8
264 1292 351 1352 verba
381 1310 471 1371 supra
500 1293 647 1370 exscripta
671 1293 795 1369 excipit:
823 1279 892 1363 ‘toln
913 1282 974 1370 plo
998 1287 1090 1363 όύεις
1112 1285 1178 1350 ύπδ
1201 1296 1267 1350 τῶν

92 1386 179 1468 άγαν
217 1389 376 1470 λαμπρῶν
407 1384 672 1470 τιτρωσκομένας
703 1382 968 1470 ἀποστρέφοντες
999 1394 1072 1460 ταῖς
1104 1383 1269 1467 ἀνθηραῖς

95 1481 151 1548 καὶ
174 1484 319 1550 ποώδεσι
342 1486 456 1568 χρόαις
478 1482 756 1567 παρηγοροῦμεν.

184 1585 217 1644 lu
246 1587 289 1645 eis
318 1603 393 1664 quae
422 1593 590 1664 sequuntur
619 1579 658 1666 (c.
679 1579 714 1666 9)
741 1584 816 1644 Plut.
846 1583 897 1643 bas
926 1584 1119 1661 cogitationes
1148 1582 1267 1661 amplifi·

93 1700 165 1743 cans
189 1682 385 1763 demonstrat,
409 1701 497 1761 quam
521 1685 559 1742 sit
583 1682 706 1743 stultum
732 1681 897 1760 salsumque
921 1680 1059 1741 omnibus
1083 1671 1169 1740 bonis
1193 1699 1267 1759 quae

95 1781 214 1839 fortuna
237 1779 323 1840 nobis
345 1780 422 1840 dono
442 1779 524 1839 dedit
542 1798 666 1858 prorsus
685 1779 828 1858 neglectis
848 1797 966 1856 semper
985 1778 1108 1838 haerere
1128 1780 1157 1838 in
1177 1777 1268 1838 rebus

93 1879 233 1955 pessimis
261 1886 291 1937 et
318 1876 586 1958 immundissimis,
614 1879 659 1937 uti
686 1875 846 1937 reddamus
870 1878 957 1936 etium
982 1877 1079 1935 omnia
1104 1875 1159 1935 alia
1182 1875 1269 1936 nobis

94 1970 251 2054 ‘evaneat
299 1973 469 2054 Sapientem
492 1981 595 2035 contra
619 1975 768 2034 hominem
793 1973 838 2035 vel
862 1992 911 2034 res
936 1975 1110 2034 cottidianas
1134 1976 1268 2053 quamvis

94 2071 168 2132 viles
197 2090 271 2151 quae
300 2074 327 2131 ei
355 2080 473 2151 praesto
502 2073 562 2132 sint
590 2090 649 2132 non
673 2072 769 2132 solum
795 2090 853 2131 non
877 2090 932 2150 pro
957 2070 1048 2132 nibilo
1073 2068 1183 2132 habere
1207 2071 1269 2152 sed,

89 2177 129 2229 -ut
158 2187 259 2230 earum
288 2171 460 2230 suavitatem
490 2172 663 2249 perspiciat,
692 2169 750 2229 sibi
777 2170 889 2249 fingere
918 2187 967 2229 eas
993 2169 1050 2229 sibi
1073 2187 1131 2229 uon
1156 2168 1269 2250 adesse,

95 2274 130 2327 ut
153 2274 237 2346 grato
261 2269 359 2327 auimo
384 2269 427 2326 eis
451 2267 576 2328 fruatur.

185 2365 218 2424 ln
242 2373 375 2425 extremo
399 2366 495 2443 capite
515 2366 731 2426 Chaeronensis
750 2365 893 2426 Arcesilai
916 2364 1014 2425 verbis
1038 2383 1111 2425 usus
1133 2383 1183 2425 eos
1202 2383 1268 2443 per·

95 2465 216 2540 stringit
245 2465 296 2542 qui
324 2480 382 2523 non
411 2482 494 2524 stram
522 2467 610 2524 vitam
634 2471 803 2542 spectantes
828 2462 879 2523 sed
904 2458 990 2538 ’ἔξω
1015 2457 1192 2542 βλέποντες
1213 2456 1269 2523 καλ

95 2556 322 2640 θαυμάζοντες
349 2556 530 2643 ἀλλοτρίας
552 2556 651 2636 δόξας
677 2555 733 2623 καὶ
759 2555 871 2641 τύχως’
899 2561 963 2620 allis
987 2578 1105 2639 semper
1128 2559 1269 2621 invident.

95 2659 158 2719 Nec
186 2675 256 2718 vero
280 2660 352 2719 satis
375 2658 547 2737 intellegere
570 2677 707 2740 possum,
736 2678 790 2720 cur
814 2659 923 2718 Heinze
950 2651 992 2740 (p.
1011 2650 1091 2738 500)
1115 2657 1171 2717 hoc
1194 2657 1270 2717 ferat

95 2756 239 2817 iudicium
268 2755 347 2835 quod
376 2757 449 2835 ipsis
472 2759 537 2816 eius
561 2756 659 2817 verbis
683 2764 828 2835 repetam:
858 2753 928 2816 ‘Der
952 2754 1207 2833 Zusammenhang
1231 2757 1270 2815 ist

96 2856 244 2915 zerrissen
275 2856 304 2913 in
334 2871 396 2931 cap.
420 2851 440 2914 9
469 2853 616 2913 zwisehen
641 2849 712 2914 ‘ivn
740 2848 795 2915 καὶ
822 2851 880 2927 τάς
907 2848 1088 2932 ἀποβολάς,
1121 2846 1163 2914 διν
1191 2865 1269 2912 σνν-

96 2947 300 3032 τνγχάνωσι,
327 2948 512 3031 πραότερον
539 2946 704 3031 φέρωμεν
733 2952 792 3012 und
822 2949 870 3013 ‘ol
896 2944 932 3013 dd
960 2945 1078 3014 πολλοὶ
1105 2949 1270 3030 ποιήματα

96 3043 169 3130 μέν,
193 3045 239 3121 ὡς
261 3046 373 3127 ἔλεγεν
392 3039 611 3127 Ἀρκεσίλαος,
635 3044 803 3128 ἀλλότρια
824 3068 895 3128 eq.
916 3067 938 3109 s.
976 3048 1028 3109 Die
1049 3047 1159 3109 Schuld
1180 3049 1269 3108 daran

97 3152 176 3225 trigt
204 3145 293 3225 wohl,
322 3145 390 3205 dass
418 3144 471 3205 der
497 3155 577 3206 erste
601 3144 665 3205 Teil
688 3164 743 3205 von
769 3165 793 3206 ο.
813 3143 833 3207 9
858 3164 910 3206 aus
934 3146 1060 3207 anderer
1083 3144 1185 3215 Quelle
1210 3148 1270 3206 ein·

97 3242 267 3322 gescbobeu
290 3236 350 3302 ist'
398 3243 435 3302 At
458 3261 512 3303 cur
535 3245 722 3322 interruptus
746 3251 792 3303 est
815 3245 1029 3304 sententiarum
1053 3240 1168 3304 nexus?
1212 3243 1270 3323 Op·

97 3343 184 3421 time,
211 3342 242 3400 ni
266 3341 384 3419 egregie
409 3339 505 3421 lallor,
530 3359 631 3401 earum
655 3340 727 3400 ordo
750 3340 942 3418 progreditur
965 3343 995 3401 in
1020 3343 1115 3418 capite
1140 3338 1175 3421 93
1203 3359 1269 3401 nam

97 3442 129 3499 in
158 3441 257 3518 priore
281 3448 365 3516 parte
393 3434 457 3498 οδ
487 3445 567 3498 certa
596 3439 710 3498 ratione
739 3439 891 3515 excipiens
919 3437 995 3497 Plut.
1024 3437 1160 3498 homines
1187 3438 1271 3499 iubet

97 3554 147 3597 res
171 3535 336 3596 levissimas
360 3553 493 3615 quasque
517 3534 573 3595 sibi
597 3537 734 3613 proprias
758 3530 806 3595 ‘dv
828 3555 894 3596 τινι
914 3534 1000 3620 λόγῳ
1019 3532 1197 3615 τίθεσθαά,
1221 3538 1271 3596 cui

97 3641 256 3712 praecepto
285 3632 376 3692 altera
400 3635 505 3710 capitis
529 3650 597 3710 pars
620 3632 751 3710 perbene
776 3632 937 3711 respondet
961 3632 1012 3693 ubi
1037 3634 1064 3691 ei
1088 3634 1270 3711 castigantur

98 3733 151 3811 qui
188 3749 271 3792 suam
309 3732 399 3789 vitam
434 3724 562 3809 ‘Sponte
594 3727 717 3802 πολλάς
749 3725 810 3791 οὐκ
842 3725 991 3812 ἀτερπεῖς
1023 3725 1271 3811 ἀναθεωρήσεις

97 3824 182 3910 (cum
206 3829 347 3888 maximas
372 3827 486 3888 scilicet
509 3836 572 3888 tum
596 3823 745 3908 minimas)
770 3823 890 3888 ἐῶσιν.

189 3924 297 3985 Contra
326 3933 406 3986 recte
431 3924 539 3984 Heinze
568 3927 719 4003 perspexit
747 3943 814 3984 cum
843 3924 890 3985 bis
917 3924 1181 3986 deliberationibus
1208 3945 1271 3987 arc·

97 4024 213 4084 tissimo
243 4023 433 4082 coniunctum
463 4040 528 4081 esse
557 4021 606 4081 filo
634 4040 697 4100 cap.
719 4019 760 4082 10
788 4022 866 4101 quod
895 4021 1031 4082 similiter
1054 4023 1158 4100 incipit
1182 4032 1270 4102 atque

97 4139 123 4181 c.
144 4117 178 4199 6,
197 4116 297 4181 467ss
322 4128 352 4179 et
375 4138 400 4180 ο.
421 4116 455 4198 8,
474 4116 573 4180 469Α
602 4114 735 4199 (καίτοι
758 4113 813 4180 καὶ
835 4124 934 4181 τοῦτο
957 4111 1040 4199 μέγα
1062 4115 1145 4199 πρὸς
1167 4117 1270 4182 εὐθν-

97 4216 179 4299 μίαν
202 4209 311 4299 ἐστί’).
348 4217 428 4276 Duae
452 4224 551 4276 autem
574 4234 623 4276 res
646 4218 676 4276 in
700 4216 757 4277 hoc
776 4219 872 4295 capite
891 4224 1102 4296 secernuntur3
1127 4220 1270 4297 praecipit

58 4312 60 4314 ’
98 4317 178 4375 enim
203 4321 305 4374 noster
329 4323 380 4374 aut
404 4307 518 4374 ‘atron
541 4308 731 4375 ἐπισκοπεῖν
751 4309 807 4375 καλ
825 4312 865 4375 τά
882 4303 963 4375 καθ’
980 4308 1094 4375 αὐτόν’
1115 4347 1156 4356 -
1177 4317 1226 4373 uti
1240 4317 1277 4371 iu
