2754 4656
541 283 781 346 —107-

77 480 132 523 nec
163 463 252 522 credo
286 481 351 522 esse
380 482 559 542 quemquam
588 466 658 541 quin
688 463 849 542 perspiciat
877 462 978 521 eadem
1008 459 1245 538 transgrediendi

77 560 209 641 formula,
235 580 290 638 qna
316 571 419 621 auctor
442 569 544 622 noster
568 569 627 622 tam
651 579 738 639 saepe
762 563 792 620 in
816 559 866 620 illo
890 559 966 619 lihro
987 577 1058 619 usus
1077 565 1132 638 est,
1156 559 1243 617 etiam

77 660 124 720 hic
156 678 264 719 novum
295 660 516 739 tranquillitatis
545 657 755 719 adminiculum
784 658 899 738 induci,
933 676 1000 718 cum
1029 655 1244 718 Chaeronensis

78 757 161 819 dicit:
190 754 243 819 ‘od
271 754 389 838 prophe
419 751 455 819 db
482 755 564 837 πρὸς
593 754 759 836 εὐθυμίαν
786 753 917 836 ὄφελος’
942 765 1011 835 etc,
1039 755 1148 834 quibus
1171 755 1244 833 ipsis

78 856 174 916 verbis
198 865 299 934 aperte
325 856 509 934 significatur
532 856 608 915 hanc
632 858 807 915 sententiam
828 874 886 914 tion
907 863 987 915 arcte
1007 872 1074 914 cum
1094 851 1245 932 prioribus

76 955 251 1035 cohaerere,
280 954 331 1013 sed
360 954 500 1031 progredi
527 953 741 1032 aliquomodo
765 956 978 1013 sententiarum
1002 952 1151 1031 ordinem3
1178 967 1246 1009 nam

75 1054 112 1114 cl.
137 1050 190 1112 ‘lle
211 1051 360 1130 tranquill.
381 1047 438 1112 an.'
458 1050 491 1132 6,
509 1048 609 1112 4641ἳ
638 1046 704 1112 ‘uel
729 1057 827 1113 τοῦτο
850 1047 932 1131 πρὸς
955 1046 1122 1129 εὐθυμίαν
1143 1042 1247 1127 μέγα’,

75 1147 104 1230 8,
125 1147 224 1210 469Β
249 1143 391 1227 ‘dyobbv
414 1149 578 1211 τοίνυν..
598 1147 680 1232 πρὸς
702 1144 889 1228 εὐθυμίαν,
918 1167 943 1208 ιι.
964 1145 1005 1208 10
1020 1149 1092 1225 init,
1117 1142 1159 1206 12
1175 1147 1246 1225 init5

76 1244 119 1310 15
133 1249 212 1322 init,
246 1257 275 1307 et
304 1247 366 1306 fere
395 1246 429 1306 ad
460 1247 581 1307 verbum
611 1267 678 1308 cum
708 1248 771 1307 loco
801 1246 837 1306 de
866 1265 925 1325 quo
954 1247 1068 1324 agimus
1096 1245 1248 1321 conspirat

75 1365 101 1406 c.
124 1343 179 1425 19,
198 1342 312 1406 elev:
341 1340 451 1404 ‘votivo
474 1341 538 1424 γὰρ
563 1340 579 1405 ἐ
608 1337 717 1425 ’ἡμῖν
739 1344 894 1424 κείμενον
917 1339 962 1404 οὐ
985 1340 1140 1423 μικρόν,
1164 1335 1246 1400 ἀλλὰ

75 1438 159 1523 μέγα
183 1439 266 1522 πρὸς
290 1438 456 1521 εὐθυμίαν
479 1438 635 1523 πάρεστι’
678 1442 771 1503 Voces
795 1437 952 1521 ‘dolucpov'
973 1451 1001 1502 et
1020 1433 1245 1519 ‘dopvucon'¹)

75 1561 110 1602 ex
135 1549 199 1601 arte
223 1541 336 1599 medica
360 1541 468 1618 petitae
493 1550 571 1614 sunt,
596 1541 674 1618 quod
695 1539 883 1600 nonnullius
903 1557 968 1599 esse
989 1539 1131 1598 momenti
1149 1555 1184 1596 ex
1204 1537 1247 1595 eis

76 1657 151 1718 quae
176 1639 212 1698 de
232 1636 382 1697 Plutarchi
407 1638 622 1698 consuetudine
647 1637 891 1698 similitudinibus
915 1638 950 1697 ad
971 1637 1105 1715 corporis
1128 1634 1248 1695 morbos

76 1735 281 1816 spectantibus
304 1737 422 1795 inventa
448 1754 501 1796 sua
525 1736 688 1796 exornandi
710 1736 838 1796 disserui
862 1738 933 1796 satis
957 1727 1096 1814 elucet.²)

165 1834 265 1912 lpsum
300 1840 397 1894 autem
430 1829 593 1913 εὐθυμίας
625 1833 836 1894 adminiculum
867 1833 946 1912 quod
974 1835 1005 1892 in
1034 1833 1132 1891 animo
1159 1829 1248 1890 habet

78 1941 106 1994 et
138 1932 235 1993 fabula
270 1933 399 2010 Aesopea
432 1931 561 1992 illustrat
593 1941 638 1991 est
669 1927 701 2009 ‘q
729 1925 804 2010 περὶ
832 1929 869 1992 τὸ
897 1922 983 2010 ἦθος
1010 1924 1167 2008 εὐτροπία
1196 1919 1248 1987 ἐπὶ

78 2026 183 2091 πολλὰ
206 2036 276 2101 ταῖς
300 2028 423 2108 χρείαις
442 2024 663 2110 ἀμειβομένη’,
686 2032 704 2088 i.
720 2048 743 2088 e.
764 2028 888 2089 facilitas
908 2047 982 2107 quae
1003 2026 1248 2106 qualemcumque

78 2131 152 2189 vitae
183 2134 292 2187 statum
320 2145 414 2204 aequo
444 2128 541 2187 animo
569 2128 678 2207 accipit
705 2135 735 2187 et
763 2127 829 2188 lert.
875 2127 1008 2188 Haecin
1033 2126 1137 2203 capitis
1161 2123 1249 2201 primi

78 2226 215 2304 indolem,
238 2223 291 2285 uhi
314 2224 479 2303 explicatur
503 2227 631 2285 animum
653 2225 815 2285 humanum
835 2228 882 2286 sui
902 2225 968 2285 mali
987 2227 1080 2304 ipsam
1101 2237 1248 2299 unamque

77 2341 142 2384 esse
177 2340 309 2401 oausam,
342 2324 462 2382 minime
494 2323 639 2400 quadrare
672 2324 703 2382 in
736 2323 892 2400 propatulo
925 2341 990 2383 esse
1024 2319 1095 2381 mihi
1124 2319 1249 2380 videtur.

76 2419 182 2481 Nonne
201 2420 248 2480 illa
269 2415 445 2499 εὐτροπίας
464 2420 550 2480 lande
566 2420 744 2480 Plutarchus
762 2423 826 2499 ipsc
847 2421 991 2500 concedit,
1011 2419 1039 2480 id
1061 2417 1138 2497 quod
1159 2418 1249 2476 certis

74 2519 176 2579 verbis
201 2520 230 2577 in
255 2520 350 2594 capite
372 2516 389 2578 1
414 2528 580 2597 negaverat,
603 2514 708 2598 τύχην
727 2516 836 2597 aliquid
859 2518 953 2578 valere
973 2518 1007 2577 ad
1028 2517 1142 2576 beatam
1162 2517 1248 2574 vitam

73 2611 259 2693 parandam?
296 2613 380 2683 Quod
405 2617 430 2673 si
450 2615 514 2675 lieri
533 2618 645 2697 nequit,
669 2616 740 2695 quid
761 2615 817 2675 sibi
836 2617 899 2676 vult
918 2615 1041 2676 lacilitas
1060 2608 1125 2674 ‘e’nl
1143 2608 1250 2674 πολλὰ

73 2719 148 2783 ταῖς
176 2709 300 2791 χρείαις
324 2706 556 2792 olpecdope‘oq’?
602 2713 684 2784 Quae
709 2732 775 2773 carm
800 2715 840 2773 ita
864 2715 937 2793 siut,
964 2715 994 2773 in
1019 2714 1123 2790 capitis
1149 2708 1165 2770 1
1191 2710 1249 2768 line

73 2812 136 2871 duo
162 2807 294 2868 membra
314 2811 392 2868 inter
411 2828 443 2868 se
462 2810 547 2888 plane
568 2813 716 2870 contraria
736 2793 945 2886 conectuntur,
969 2811 1013 2870 uti
1032 2809 1091 2869 duo
1111 2814 1249 2886 excerpta

73 2915 230 2968 auctorem
259 2906 479 2985 conglutinasse
503 2917 735 2969 consentaneum
760 2911 812 2988 sit,
840 2927 966 2987 quorum
991 2907 1116 2967 alterum
1140 2905 1250 2982 optime

73 3025 145 3067 cum
172 3007 418 3064 commentatione
438 3000 491 3064 ‘lle
513 3004 659 3084 tranquill.
680 3000 738 3066 an.'
763 3008 901 3084 congruit
924 3005 1025 3083 ibique
1047 3003 1143 3062 locum
1163 3019 1249 3061 sunm

73 3114 181 3164 tenere
210 3110 321 3181 potest,
350 3105 526 3180 praesertim
545 3121 622 3170 'cum
652 3102 816 3162 simillimae
845 3107 1038 3182 cogitationes
1065 3100 1107 3160 ibi
1134 3106 1251 3159 exstent

73 3195 116 3284 (c.
137 3194 182 3276 4²,
202 3197 231 3277 5,
251 3194 297 3278 6¹3
327 3200 362 3259 cl.
388 3219 412 3259 e,
432 3218 458 3278 g.
482 3219 507 3260 c.
522 3198 556 3261 4:
581 3196 669 3272 ‘vods
692 3200 787 3280 βίους
810 3197 848 3261 nl
869 3195 1037 3272 διαθέσεις
1060 3191 1251 3277 συνεξομοι-

74 3304 177 3360 οῦσιν
201 3292 315 3368 αὑταῖς
329 3290 352 3378 ).

170 3392 337 3453 lllnstratur
366 3405 463 3454 autem
492 3395 540 3454 illa
564 3391 722 3475 calepodio
746 3397 842 3475 vulpis
866 3404 896 3456 et
920 3395 1005 3474 pardi
1030 3413 1129 3457 coram
1153 3393 1251 3453 iudice

75 3484 166 3571 ‘napi
185 3488 359 3563 notnlltag’
384 3495 561 3553 certantium
586 3493 645 3570 lite,
670 3504 698 3553 et
719 3497 866 3574 excipitur
886 3493 981 3571 vulpis
1001 3495 1094 3554 oratio
1114 3491 1168 3552 alia
1188 3510 1251 3551 ora-

77 3594 169 3670 tione,
193 3608 280 3668 quam
301 3589 450 3650 hominem
470 3609 571 3651 secum
591 3593 656 3669 ipso
676 3590 785 3671 habere
804 3591 915 3651 deceat.
940 3624 982 3632 -
1007 3591 1067 3650 Nec
1087 3608 1156 3650 vero
1176 3590 1250 3649 duae

76 3689 132 3748 hae
162 3690 312 3746 orationes
341 3697 422 3748 certo
451 3690 576 3748 rationis
604 3687 701 3748 vinclo
730 3672 903 3769 cohaerent,
931 3689 982 3748 sed
1012 3706 1100 3747 unam
1129 3696 1252 3765 propter

76 3784 292 3863 ποικιλότητα
316 3793 345 3845 et
369 3785 482 3864 vulpini
506 3795 536 3845 et
560 3785 680 3845 humani
705 3788 794 3845 animi
816 3786 972 3866 rhetorica,
997 3788 1027 3845 ni
1047 3785 1139 3862 fallor,
1163 3802 1251 3844 causa

78 3884 256 3943 coniunctae
285 3892 363 3942 sunt.
410 3883 482 3943 Nam
511 3883 603 3944 altera
626 3882 682 3943 hac
706 3885 838 3943 oratione
863 3884 986 3961 abipso
1011 3883 1129 3943 homine
1152 3882 1250 3942 hahita

171 4065 199 4128 1)
218 4061 260 4115 Of.
281 4061 335 4115 ‘De
349 4062 413 4117 viri.
427 4063 509 4117 mor.’
527 4063 614 4118 linit.
636 4057 793 4130 ‘deponam
811 4063 860 4118 καὶ
877 4060 1029 4133 ὑγιαῖνον’.

169 4145 197 4212 2)
215 4141 280 4196 Non
304 4142 380 4195 recte
399 4141 535 4197 Gieseoke
554 4162 580 4213 p.
597 4147 647 4196 111
671 4141 741 4196 haec
764 4143 860 4198 omnic.
883 4158 955 4212 quae
976 4143 1097 4209 exposui
1116 4141 1261 4194 tissimi

75 4223 178 4279 coloris
197 4220 355 4290 specimine
369 4237 430 4277 esse
446 4222 561 4283 conicit.
590 4223 691 4280 Ebiem
704 4223 780 4281 elios
792 4225 920 4290 Stoicos„
935 4217 1295 4282 masxmsumxasxnnwt

73 4317 215 4367 ὈῖΡθῖωΠ
245 4301 361 4356 morbos
387 4320 452 4359 cum
479 4306 572 4364 animi
597 4305 714 4364 morh'ts
736 4321 929 4375 computasse
951 4318 993 4356 ex
1011 4298 1161 4354 mmmm
1178 4283 1318 4354 ΜΝ

77 4379 156 4445 V23)
173 4377 343 4447 accipimus.
388 4383 430 4442 cf.
453 4386 625 4464 H2Webet
643 4391 667 4450 l.
683 4409 709 4448 s.
724 4408 750 4447 s.
768 4407 803 4460 p.
816 4391 868 4443 bb.
