2754 4656
564 233 783 296 *61*

92 417 214 475 minima
242 417 371 494 primum
400 415 497 475 locum
522 424 623 475 tenere
647 413 782 473 volumus
807 415 850 473 eis
874 431 933 473 non
956 415 1090 473 contenti
1113 431 1188 492 quae
1212 431 1261 472 na·

92 522 159 573 tura
184 532 237 574 sna
261 522 366 591 sponte
390 513 476 573 nobis
500 511 645 592 praebuit.
691 506 732 593 (c.
753 505 819 593 12.)

180 610 243 670 Hoc
277 629 312 670 eo
345 612 476 689 ineptius
504 629 569 670 esse
599 609 677 689 quod
707 609 852 670 eiusmodi
880 609 1015 669 homines
1043 627 1187 688 persaepe
1215 626 1281 676 res¹

90 710 213 786 cupiant
240 726 365 786 prorsus
389 707 446 767 sibi
470 718 669 787 repugnantes
693 725 768 786 quae
792 706 871 768 nulla
895 707 1010 767 ratione
1034 709 1174 784 coniungi
1198 724 1263 784 pos-

82 809 166 885 ·sint;
185 805 345 883 plurimum
365 814 469 865 contra
488 805 643 884 prolicere,
663 806 802 884 quoniam
822 799 876 864 ‘od
894 801 1001 865 πάντα
1015 801 1149 865 πάντων
1164 799 1266 882 ἐστίν,

91 906 238 983 χρῆσθαι
257 901 338 982 πρὸς
356 897 404 981 ἑν,
422 897 440 962 ὃ
459 897 597 981 πέφυκέ
617 920 672 963 nec
691 901 814 963 credere
833 902 1030 962 miserabilem
1050 921 1116 962 esse
1133 909 1265 962 nostram

90 1001 296 1061 condicionem
321 1003 347 1059 si
370 1018 429 1059 non
454 993 520 1061 ‘uui
542 997 582 1058 τὰ
604 1007 671 1061 τῶν
693 999 864 1060 πλουσίων
888 996 954 1080 ἅμα
977 995 1032 1060 καὶ
1055 996 1095 1060 τὰ
1117 1006 1184 1060 τῶν
1208 1000 1263 1058 λο-

90 1097 175 1176 γίων
202 1092 258 1158 καὶ
284 1094 324 1157 τὰ
351 1105 418 1158 τῶν
447 1091 716 1177 στρατευομένων
743 1092 798 1158 καὶ
817 1094 865 1157 τὰ
892 1105 959 1158 τῶν
982 1093 1262 1175 φιλοσοφούντων

169 1194 294 1276 ἔχωμεν
321 1189 572 1275 προτερήματα’;
600 1213 666 1254 nam
691 1194 798 1254 decere
822 1197 971 1274 sapientes
995 1191 1043 1255 ‘cd
1065 1191 1262 1275 πρόσφορον

91 1287 223 1365 ἑαυτοῖς
246 1287 423 1373 ἑλομένους
441 1286 496 1353 καὶ
515 1289 758 1364 διαπονοῦντας
777 1288 844 1353 ἐᾶν
862 1289 901 1352 τα
919 1299 987 1354 τῶν
1005 1290 1123 1354 ἄλλων.
1156 1288 1194 1372 (c.
1211 1288 1262 1370 13,

90 1386 191 1450 473a
216 1408 274 1468 quo
298 1390 333 1450 cf.
359 1408 384 1450 c.
404 1387 488 1450 9fin.
512 1385 582 1450 ‘cdv
606 1384 637 1450 δ’
659 1385 786 1451 ἑαυτῶν
810 1388 885 1469 βίον
909 1384 1050 1474 ἐῶσιν.)

182 1487 242 1546 Hae
276 1489 516 1548 ratiocinationes
550 1488 652 1547 affines
685 1497 755 1548 sunt
786 1489 829 1547 eis
858 1506 933 1567 quae
961 1490 992 1546 in
1020 1489 1116 1565 capite
1146 1483 1187 1547 10
1215 1485 1264 1544 ad-

91 1584 278 1660 umbrantur,
302 1603 357 1646 nec
381 1603 449 1644 vero
473 1594 552 1645 totae
576 1604 645 1646 cum
666 1589 709 1645 eis
728 1594 912 1663 congruunt3
935 1604 1003 1644 narn
1022 1585 1064 1644 ibi
1083 1585 1119 1644 de
1139 1586 1182 1643 eis
1202 1592 1262 1642 tan-

93 1692 158 1743 tum
176 1685 273 1761 agitur
293 1685 343 1761 qui
363 1701 394 1742 se
414 1684 488 1761 ipsis
507 1682 712 1762 superioribus
732 1690 763 1742 et
780 1683 965 1743 felicioribus
983 1683 1086 1762 livent3
1106 1683 1202 1759 capita
1223 1678 1263 1755 12

92 1789 123 1840 et
149 1777 189 1841 13
218 1790 320 1840 contra
344 1799 395 1840 eos
419 1780 558 1858 sugillant
581 1783 633 1859 qui
656 1783 787 1841 omnium
810 1781 963 1841 bominum
987 1780 1141 1841 commoda
1165 1776 1264 1856 quam·
1356 1858 1361 1867 .

92 1881 138 1938 vis
169 1880 316 1938 contraria
344 1878 402 1938 sibi
429 1879 587 1939 conciliare
616 1878 745 1938 student.
795 1878 952 1939 Praeterea
980 1877 1089 1937 Heinze
1119 1870 1160 1957 (p.
1185 1869 1265 1957 500)

91 1984 176 2037 recte
203 1976 410 2036 animadvertit
437 1979 467 2035 in
491 1975 638 2055 capitibus
662 1974 769 2038 8*ss
794 1979 916 2054 agnosci
938 1976 1087 2036 fortunam
1111 1977 1197 2034 cuius
1221 1975 1264 2032 in-

92 2074 185 2134 sidias
209 2077 326 2153 sapiens
349 2068 473 2134 rationis
497 2076 526 2133 vi
549 2076 717 2153 opprimere
741 2075 846 2155 soleat,
873 2082 975 2134 contra
999 2075 1033 2132 in
1053 2072 1202 2152 capitibus
1224 2068 1283 2130 12*

93 2182 124 2234 et
150 2169 191 2233 13
219 2171 457 2232 Chaeronensem
485 2173 602 2232 fortuna
630 2172 716 2252 plane
745 2172 878 2252 neglecta
906 2172 1041 2232 homines
1069 2189 1204 2250 monere,
1233 2179 1266 2228 ut

92 2272 153 2348 ipsi
186 2271 273 2331 vitam
307 2288 391 2330 suam
423 2288 493 2330 suae
526 2278 649 2329 naturae
678 2271 799 2349 suisque
828 2270 941 2330 viribus
970 2271 1195 2330 convenientem
1223 2269 1266 2326 in-

93 2369 233 2448 stimanq
255 2386 312 2428 nec
336 2386 406 2429 vero
429 2367 498 2428 huic
522 2376 696 2446 argumento
721 2368 846 2427 multum
866 2366 1003 2449 tribuam,
1027 2369 1144 2428 cumin
1164 2367 1267 2443 capiti·
1352 2414 1354 2417 .

93 2466 151 2526 bus
176 2464 283 2527 8—11
313 2484 362 2525 res
391 2468 430 2526 sit
457 2465 494 2525 de
523 2466 633 2525 exteris
661 2464 757 2526 solum
785 2465 876 2526 rebus
906 2483 981 2544 quae
1010 2474 1110 2525 extra
1134 2473 1266 2523 nostram

93 2571 166 2624 sunt
189 2572 375 2644 potestatem,
398 2565 431 2622 in
453 2562 601 2642 capitibus
621 2560 662 2623 12
686 2572 716 2623 et
741 2561 781 2624 13
806 2571 909 2624 contra
930 2572 1031 2623 certus
1051 2563 1266 2623 sententiarum

92 2679 272 2739 progressus
296 2662 443 2721 efficiatur
467 2659 636 2740 aliquidque
661 2662 729 2721 novi
752 2660 892 2722 afferatur
916 2661 951 2721 ad
975 2662 1004 2720 id
1027 2667 1164 2738 spectans
1188 2658 1267 2738 quod

93 2762 131 2819 in
155 2766 256 2818 nostra
279 2766 426 2837 potestate
450 2761 582 2836 positum
605 2767 659 2819 est.

184 2858 222 2916 at
253 2856 368 2917 accedit
400 2856 479 2916 aliud
512 2875 571 2935 quc
599 2859 765 2917 certissime
795 2859 942 2918 evincitur
970 2859 1066 2935 capita
1098 2853 1136 2915 12
1166 2863 1196 2915 et
1225 2851 1266 2914 13

94 2973 198 3014 revera
232 2973 267 3014 ex
299 2953 356 3014 alio
390 2950 601 3015 commentario
630 2962 718 3033 atque
747 2958 843 3034 capita
871 2957 970 3034 priora
998 2944 1171 3034 deprompta
1201 2970 1266 3012 esse

94 3050 143 3111 vel
171 3051 273 3112 saltem
301 3051 379 3131 apud
402 3051 554 3112 Plutarchi
582 3062 733 3112 auctorem
758 3053 846 3113 alium
871 3053 1037 3114 obtinuisse
1059 3053 1172 3132 locum3
1200 3068 1267 3109 nam

94 3151 224 3229 inspice,
253 3167 377 3230 quaeso,
405 3150 510 3228 capitis
537 3148 578 3210 14
603 3152 721 3210 initium
745 3150 798 3211 ubi
820 3151 909 3211 verba
933 3147 996 3212 ‘dcc
1020 3144 1050 3210 d’
1074 3144 1208 3220 ἕκαστος
1232 3143 1268 3207 ἐν

95 3241 202 3328 ἑαυτῷ
230 3243 270 3306 τὰ
298 3251 355 3326 τῆς
382 3243 546 3326 εὐθυμίας
571 3241 627 3308 καὶ
654 3253 712 3327 τῆς
740 3245 929 3326 δυσθυμίας
956 3245 1022 3327 ε”χει
1047 3240 1189 3326 ταμιεῖα’
1213 3253 1268 3304 etc.

95 3347 169 3423 quin
193 3344 228 3404 ad
252 3346 357 3422 capitis
381 3342 401 3406 9
424 3343 554 3404 indolem
578 3347 752 3427 respiciant,
776 3347 939 3406 sententias
961 3345 1004 3404 ibi
1027 3346 1177 3422 expositas
1200 3359 1268 3403 con·

95 3444 224 3522 tinucnt,
248 3461 315 3502 cum
339 3443 445 3520 capitis
466 3439 507 3502 10
528 3444 614 3503 initio
633 3442 802 3522 planissime
822 3446 989 3522 concinant,
1012 3445 1162 3503 neminem
1181 3459 1268 3520 spero

83 3538 162 3600 'lore
183 3530 269 3618 'quin
301 3538 429 3618 dubitet,
467 3547 501 3599 ut
533 3539 690 3601 admodum
723 3541 815 3601 mirer
850 3541 928 3619 quod
961 3539 1070 3600 Heinze
1103 3538 1269 3600 contendit:

95 3634 334 3717 ‘Ebensoweniq
358 3636 463 3715 glaube
482 3637 540 3718 ich,
564 3638 631 3698 sind
651 3639 698 3698 die
718 3636 966 3718 0.14-16,aie
986 3637 1050 3697 sich
1069 3635 1269 3715 eingehender

95 3736 152 3795 mit
175 3735 242 3795 dem
265 3734 423 3795 Verbalten
446 3735 617 3814 gegenuber
640 3754 847 3815 vergangenen
870 3735 930 3796 und
954 3735 1148 3814 zulrrinitigen
1168 3732 1269 3812 Ereig-

94 3834 198 3892 nissen
222 3833 368 3914 beiasscn,
391 3832 444 3892 der
464 3842 565 3893 ersten
584 3833 809 3911 besprochenen
829 3833 932 3903 Quelle
951 3828 1157 3912 zuzuueisen',
1182 3850 1268 3911 quam

95 3933 300 3992 coniecturam
323 3949 358 3990 eo
383 3938 557 4010 argumento
576 3931 710 3992 stabilire
729 3942 853 3993 conatur
873 3932 952 4010 quod
972 3927 1087 4011 ‘davon,
1111 3931 1179 3990 dass
1198 3929 1269 3989 alles

95 4028 151 4089 aul
181 4047 289 4089 unsere
317 4029 497 4108 Auliassung
524 4029 578 4102 der
605 4035 747 4090 iussercn
776 4029 976 4090 Verhdltnisse
1004 4027 1172 4108 ankomme,
1205 4026 1270 4086 hier

96 4127 307 4205 ebensouenig
330 4129 385 4186 wie
408 4130 439 4187 in
463 4146 488 4188 c.
508 4125 549 4188 12
573 4128 620 4187 die
643 4126 724 4188 Rede
748 4124 808 4188 ist'.

187 4225 224 4285 At
247 4224 277 4285 id
301 4223 406 4286 salsum
430 4233 489 4307 est;
513 4243 582 4286 nam
605 4228 636 4286 in
659 4228 768 4306 capitis
789 4224 838 4287 14
855 4224 1051 4286 luctuosius.
1070 4223 1170 4279 cerus
1189 4217 1300 4270 seros

92 4323 166 4381 dicit
198 4322 421 4400 tranquillitatis
453 4325 572 4388 iontem
604 4328 640 4388 in
672 4336 785 4389 nostro
818 4326 926 4387 animo
957 4337 1032 4380 esse
1060 4315 1244 4378 emacemxxm
1264 4311 1334 4350 iffi
