2754 4656
550 280 792 343 -104-

85 461 141 524 ‘An
163 460 268 523 virtus'
291 463 308 522 l.
329 461 360 542 l.,
391 481 458 521 cum
483 468 599 541 pergat:
628 457 685 534 ‘dm
709 453 788 522 otri
812 457 939 522 τούτων
963 453 1172 538 γιγνομένων
1196 453 1262 520 ἀπὸ

87 558 197 642 τύχης,
222 553 291 621 ἀλλ’
316 555 514 632 ἐπιστάσεως
537 553 591 620 καὶ
614 564 781 639 προσοχῆς
801 551 989 636 δεομένων]
1014 589 1056 598 -
1081 556 1163 625 Quae
1183 558 1262 634 cogi·

88 661 214 719 tationes
233 676 287 736 per
307 657 584 718 dissertatiunculae
604 655 744 735 capitis2
765 655 885 716 alteram
905 662 1019 736 partem
1039 657 1263 732 continuantur,

88 756 139 816 obi
163 758 258 815 fusius
283 756 318 815 de
343 755 504 833 paedagogi
532 755 638 814 officiis
666 755 847 834 disputatum
873 772 927 812 nec
952 770 1021 812 vero
1045 761 1146 812 nostra
1169 755 1263 812 inter-

87 861 133 914 est
157 854 326 913 accuratius
349 854 379 911 in
404 851 479 911 banc
502 870 566 911 rem
590 853 749 930 inquirere.
758 846 782 934 1)
1143 865 1147 873 ’

175 951 267 1010 lmmo
290 953 346 1010 iam
366 950 401 1009 ad
421 948 481 1011 ε.3
502 949 728 1010 examinandum
748 934 802 1009 nos
822 956 1037 1009 convertamus.
1076 947 1132 1008 Ubi
1152 950 1263 1008 iterum

87 1059 189 1110 noster
213 1051 322 1108 evincit
346 1047 419 1108 falso
438 1046 598 1126 plerosque
618 1056 750 1107 statuere
770 1042 848 1108 ‘edon
867 1053 993 1126 μικρῶν
1012 1040 1067 1106 καὶ
1085 1041 1263 1106 παιόικῶν’

88 1164 154 1206 esse
178 1141 414 1220 (διδασκαλεῖα,
438 1152 505 1205 τῶν
530 1137 566 1205 dl
590 1140 754 1224 peydinv'
778 1153 880 1205 contra
900 1137 966 1203 ‘nol
985 1141 1118 1204 τελείων
1138 1140 1265 1222 ἄλογον

86 1240 205 1323 τριβὴν
233 1237 288 1303 καὶ
315 1241 518 1322 περίπτωσιν
547 1234 654 1303 εἶναι’.
702 1242 887 1312 Quibuscum
918 1240 1015 1300 verbis
1044 1236 1264 1323 conseras‘llc

87 1336 168 1401 sort?
194 1360 218 1400 c.
239 1338 348 1422 omia,
373 1339 424 1400 ubi
448 1341 551 1400 eodem
576 1340 663 1400 modo
688 1339 890 1400 aminoribus
911 1347 1114 1415 transgressus
1133 1337 1266 1397 efficitur

89 1439 123 1499 ad
145 1440 255 1498 maiora
276 1448 306 1498 et
327 1438 447 1498 vocibus
467 1434 663 1516 “μεγοίλων
683 1431 746 1498 και
764 1433 942 1497 πλείον’
962 1435 1143 1513 respondent
1158 1453 1265 1513 super-

88 1536 174 1596 lativa
199 1532 376 1615 ‘peytocq
401 1529 465 1595 καὶ
487 1531 740 1615 τελειοτάτη’.

177 1632 267 1693 Paulo
287 1634 362 1693 inira
379 1633 596 1692 Chaeronensis
616 1634 770 1693 contendit
788 1633 924 1692 homines
943 1631 1104 1691 initiantes
1123 1633 1267 1690 virtutem

88 1732 189 1791 doceri
217 1748 304 1809 posse
333 1732 434 1791 virtuti
458 1726 533 1791 ‘cdv
557 1730 658 1808 λόγον
682 1727 810 1811 ὥσπερ
834 1726 953 1809 όμμα’
977 1731 1093 1806 eripere
1118 1736 1148 1788 et
1172 1727 1265 1787 simil·

90 1829 192 1888 limum
216 1831 247 1888 in
271 1829 391 1888 modum
415 1829 487 1888 dicit
511 1825 564 1888 ‘De
585 1823 664 1889 sort'
684 1826 778 1908 iun,
803 1845 980 1906 quamquam
1005 1826 1045 1886 ibi
1070 1825 1157 1903 paulo
1178 1824 1267 1886 aliter

90 1928 266 1987 sententiam
295 1928 456 1986 convertit:
485 1922 628 2007 ‘eloneo
658 1923 808 2005 ὄμματα
835 1923 897 2004 τὴν
925 1914 1104 2003 εὐβουλίαν
1129 1917 1186 2006 (=
1208 1919 1268 1983 ‘An

91 2020 210 2084 virtus':
234 2019 305 2084 ‘cdv
328 2017 455 2104 λόγον’)
480 2019 676 2096 ἐκκόψαντες
699 2018 809 2083 αὑτῶν
832 2027 893 2083 τοῦ
911 2021 988 2101 βίου
1006 2018 1137 2101 τυφλὴν
1155 2041 1266 2102 χειρα-

89 2119 199 2201 γωγὸν
224 2116 469 2201 leprinianum?

180 2218 323 2298 Sequitur
355 2221 385 2278 in
419 2217 518 2278 libello
551 2215 606 2278 ‘An
634 2212 744 2278 virtus'
777 2219 854 2277 idem
888 2217 1043 2296 iphicratis
1076 2219 1268 2278 enuntiatum

95 2317 172 2396 quod
196 2319 254 2376 iam
274 2312 326 2375 ‘lle
347 2312 426 2377 iort.’
451 2314 511 2378 ee
536 2317 621 2376 nobis
645 2317 782 2376 innotuit.
824 2316 862 2374 At
885 2315 940 2375 boc
965 2315 1029 2375 loco
1051 2315 1152 2375 eadem
1173 2316 1268 2377 histo·

185 2543 211 2611 1)
235 2540 274 2594 ef.
294 2538 429 2594 Giesecke
448 2558 475 2610 p.
492 2547 532 2606 62,
550 2546 572 2592 1.
611 2538 741 2594 Ceterum
760 2540 980 2605 animadvertas,
1001 2556 1118 2608 quaeso,
1137 2541 1269 2596 Platonis

95 2619 268 2676 enuntiatum
295 2619 437 2689 quoddam
455 2619 589 2690 (Cliloph.
608 2639 635 2689 p.
651 2619 745 2688 4070)
769 2636 832 2673 cum
854 2619 884 2672 in
907 2621 961 2674 hoc
980 2619 1077 2674 libello
1095 2619 1179 2673 4390
1204 2621 1270 2674 bum

97 2701 150 2753 ‘De
177 2699 279 2754 vitioso
302 2701 420 2769 pudore’
452 2717 475 2755 ο,
497 2705 529 2753 16
557 2700 660 2766 redire,
690 2701 720 2754 at
742 2699 771 2753 in
793 2700 913 2767 utraque
938 2698 1172 2754 commentatione
1195 2701 1270 2755 satis

95 2779 296 2833 commutatum
317 2795 386 2833 esse.
425 2779 477 2833 Pro
497 2778 624 2832 Platonis
645 2774 689 2830 ‘tv
708 2780 745 2851 τῷ
765 2780 847 2833 πεδί’
868 2777 987 2848 legimus
1006 2778 1035 2832 in
1054 2780 1173 2847 utroque
1191 2780 1269 2836 libro

97 2859 157 2913 ‘rob
176 2857 286 2920 nodoc’.
321 2858 451 2925 Sequitur
470 2857 545 2926 apud
564 2854 711 2912 Platonem
731 2862 760 2912 et
780 2859 832 2912 ‘De
851 2858 953 2913 vitioso
972 2861 1089 2929 pudore'
1111 2859 1129 2913 l.
1145 2861 1163 2913 l.
1184 2860 1270 2930 ‘nobs

94 2934 146 3008 τὴν
170 2938 259 3003 λύραν
282 2938 332 2990 καὶ
350 2933 509 3006 ἀμετρίαν,
534 2953 606 3006 quae
626 2939 662 2991 ad
680 2939 768 2993 verba
786 2955 819 2991 ex
838 2937 893 2992 cna
881 2939 1002 3007 tophont
1004 2940 1026 2993 is
1046 2938 1154 3007 dialogi
1174 2942 1269 2996 verbis

96 3020 196 3086 postea
220 3018 331 3070 demum
356 3019 572 3084 sequentibns‘
574 3013 700 3087 ἀμέτρως
723 3013 811 3071 και’
795 3017 987 3087 αναρμόστως’
1014 3019 1068 3073 ‘An
1087 3020 1191 3074 virtus'
1214 3023 1233 3076 l.
1250 3024 1269 3078 l.

95 3097 170 3150 haud
198 3097 239 3150 ita
262 3099 328 3165 apte
354 3095 481 3150 additum
507 3101 550 3151 est
574 3096 635 3150 ‘nol
658 3095 870 3167 dvuppooctuv'.
894 3129 927 3138 -
951 3097 1045 3152 Verba
1071 3096 1205 3167 ’ἀδελφὸς
1230 3106 1269 3176 τῷ

95 3171 223 3246 oidctpqi’
252 3173 343 3228 solum
367 3177 422 3228 ‘An
443 3177 543 3230 virtus'
564 3177 614 3233 l.l
637 3180 757 3241 exstanu
782 3181 882 3232 contra
906 3180 1051 3246 “-φίλος
1071 3181 1155 3250 φίλτρ’
1179 3160 1272 3248 (φίλόι

96 3287 128 3295 -
160 3254 301 3324 φίλοις)
293 3273 323 3307 1n
354 3258 472 3324 utroque
507 3258 609 3327 scripto
580 3256 805 3312 tPlutoreheo
837 3274 888 3311 nec
920 3275 985 3312 vero
1017 3258 1092 3327 apud
1120 3258 1184 3312 Plat
1173 3262 1270 3316 tonem

96 3335 230 3402 legimus,
258 3334 389 3402 idemque
419 3334 524 3390 cadit
516 3355 546 3390 in
567 3354 666 3392 vocem
691 3336 881 3406 ‘draps'psron'
908 3334 1144 3407 (διαφερόμενοι),
1173 3341 1250 3393 nti
1241 3360 1271 3396 m

96 3416 214 3482 utroque
238 3412 310 3467 libro
329 3412 403 3470 Plut.
423 3414 549 3470 Platonis
576 3417 668 3471 verbis
690 3433 794 3470 norum
813 3417 968 3471 membrum
985 3417 1145 3485 inseruerim
1170 3425 1273 3476 contra

97 3493 224 3562 proxima
257 3494 343 3548 verba
375 3493 480 3557 ’πόλεις
509 3527 542 3538 -
571 3495 678 3551 πόλεσι’
709 3514 772 3551 cnm
799 3498 916 3564 utroque
944 3496 1087 3551 Plutarchi
1114 3499 1176 3552 loco
1209 3501 1273 3555 turn

97 3573 173 3643 apud
192 3571 339 3626 Platonem
361 3577 538 3642 usurpantur.
558 3607 592 3616 -
612 3576 697 3631 Porro
716 3576 797 3631 Plato
818 3575 899 3630 dicit:
925 3571 971 3629 ‘coi
992 3574 1094 3645 ἔσχατα
1114 3579 1200 3644 δρῶσι
1221 3581 1273 3635 και

96 3653 280 3722 πόσχοασιν’;
300 3652 373 3705 Plut.
394 3653 463 3708 haec
482 3656 569 3709 verba
582 3659 702 3724 utroque
717 3654 779 3711 loco
793 3673 859 3711 voce
875 3655 927 3710 ‘cs'
946 3656 1102 3726 coniungit;
1120 3665 1272 3728 praeterea

96 3733 216 3802 legimus
237 3731 290 3786 ‘De
305 3732 354 3786 vit.
369 3734 448 3802 pud'
468 3734 487 3789 i.
503 3734 521 3788 l.
547 3731 594 3788 ‘coi
617 3732 747 3790 κόκιστα’
772 3753 823 3804 pro
849 3735 895 3789 ‘cd
916 3733 1040 3804 ἔσχατα’.
1077 3737 1147 3791 lbid.
1167 3739 1272 3794 ultima

97 3813 183 3868 verba
202 3828 234 3865 ex
253 3810 381 3866 Platonis
401 3813 498 3882 primis
517 3812 610 3869 verbis
629 3817 749 3890 conficta
767 3817 843 3881 sunt3
867 3833 924 3870 non
943 3814 1123 3871 inveniuntur
1143 3816 1198 3870 ‘An
1214 3820 1270 3872 vir-

97 3892 153 3947 tus’
175 3892 193 3946 l.
208 3892 226 3946 l.
251 3921 284 3932 -
307 3890 341 3946 In
364 3894 484 3961 utroque
508 3894 596 3962 igitur
618 3895 760 3949 volumine
779 3895 906 3950 Platonis
929 3896 1015 3951 verba
1034 3895 1137 3964 partim
1156 3904 1272 3955 servata

96 3971 200 4064 partim
226 3969 345 4025 eundem
368 3970 398 4024 in
423 3973 536 4027 modum
562 3976 733 4028 commutata
756 3976 833 4043 sunt,
857 3978 889 4029 ut
877 3974 1037 4029 tdubitari
1060 3979 1181 4044 nequeat
1200 3979 1271 4046 quin

97 4053 152 4105 iarn
173 4053 270 4105 auctor
290 4068 370 4119 quern
386 4051 459 4106 Plut
478 4053 612 4108 adhibuit
632 4053 757 4109 Platonis
772 4054 980 4124 Clitophontem
1000 4054 1123 4108 laudarit
1111 4058 1191 4110 tnec
1210 4076 1270 4114 non

98 4132 126 4185 in
147 4131 265 4201 singulis
284 4131 431 4186 mutilarit.
452 4133 625 4189 -Accedit
643 4135 717 4203 quod
736 4135 822 4190 etiam
840 4134 948 4188 Plato
939 4152 968 4187 m
983 4132 1038 4188 cut
1026 4136 1163 4203 tophonte
1182 4155 1271 4207 qnae-

81 4210 126 4259 rit
144 4226 184 4260 an
211 4208 303 4262 virtus
326 4209 424 4267 doceri
443 4213 538 4284 possit
561 4215 597 4286 (c
612 4216 658 4284 4),
681 4230 739 4285 qua
761 4231 792 4271 re
814 4215 910 4284 aliquo
930 4213 1016 4268 modo
1038 4214 1182 4268 stabilitur
1205 4217 1271 4272 Plu

65 4283 200 4335 aaronem
221 4303 280 4339 non
302 4304 340 4342 cx
354 4295 502 4351 memoria
518 4295 655 4355 Platonis
677 4298 766 4354 verba
786 4296 899 4365 afferre
916 4295 969 4350 sed
986 4295 1105 4346 auctore
1120 4311 1206 4344 usum
1223 4311 1290 4348 ease

34 4366 99 4402 ''¹¹¹11
119 4358 185 4409 εἶ’
167 4374 247 4430 1pse,
273 4366 334 4423 orit
322 4371 471 4441 topbonte
491 4379 634 4455 laudato,
658 4381 693 4440 de
715 4381 830 4438 virtute
849 4374 986 4432 docenda
1004 4369 1189 4425 disseruerat
