2754 4656
473 250 767 313 ·-72-

76 432 203 492 vidimus
231 449 299 491 eum
328 449 387 490 non
411 429 563 490 dubitasse
587 431 732 507 genuinae
758 447 845 508 quam
870 428 1005 488 adhibuit
1028 426 1247 488 dissertationis

77 530 230 591 exordium
259 528 421 590 dilacerare
450 536 479 587 et
506 529 536 587 in
568 527 663 588 medio
688 546 779 606 paene
804 525 872 585 libri
897 529 943 586 sui
968 544 1087 605 ponere.

164 626 306 705 Sequitur
329 628 407 686 enim
432 633 550 704 praeter
574 644 598 685 c.
616 622 657 686 19
680 625 875 684 entlausiasmi
895 623 1010 685 laudem
1030 643 1138 684 novum
1159 633 1249 702 caput

75 717 230 809 (c.20)1),
255 725 332 804 quod
358 743 373 784 a
397 722 557 784 Plutarcho
581 741 615 782 ex
641 722 697 782 alio
721 725 932 783 commentario
957 724 1083 800 petitum
1108 740 1173 782 esse
1194 722 1250 782 alia

75 825 229 884 occasione
260 821 532 900 comprobabimus,
562 838 738 899 quamquam
763 853 805 863 —
830 828 863 880 ut
890 822 947 879 iam
971 819 1081 880 Heinze
1107 814 1150 902 (p.
1170 812 1251 902 501)

76 920 349 981 animadvertit-
372 922 403 980 in
431 919 528 998 capite
552 915 595 980 20
624 936 681 978 non
706 918 815 978 desunt
838 937 913 997 quae
937 935 1004 978 cum
1029 918 1181 997 prioribus
1205 937 1252 978 ca·

77 1018 188 1098 pitibus
213 1016 288 1078 bene
312 1017 508 1097 concordant3
532 1017 610 1094 quod
634 1016 776 1077 iudicium
801 1015 938 1094 equidem
958 1017 994 1075 de
1013 1015 1116 1076 ultima
1135 1024 1252 1076 tantum

77 1116 165 1177 huius
198 1118 303 1194 capitis
337 1123 419 1194 parte
457 1102 600 1192 usurpare
634 1132 768 1193 possum,
803 1113 854 1175 ubi
886 1115 1045 1191 exponitur
1078 1131 1132 1173 nos
1160 1115 1252 1173 vitam

76 1209 206 1294 ’ἀμειδῆ
238 1207 293 1274 καὶ
325 1216 456 1293 κατηφῆ
488 1205 542 1272 καλ
574 1218 644 1284 τοῖς
675 1207 925 1292 ἀτερπεστάτοις
959 1205 1013 1272 καὶ
1040 1207 1166 1272 πάθεσι
1196 1204 1252 1272 καὶ

77 1306 246 1393 πράγμασι
269 1304 325 1372 καὶ
347 1309 505 1391 φροντίσι
528 1302 633 1391 μηδὲν
655 1305 758 1390 πέρας
777 1306 928 1390 ἐχούσαις
945 1307 1182 1389 πιεζόμενον
1202 1303 1254 1371 ἀεὶ

77 1403 132 1470 καὶ
153 1404 435 1488 συνθλιβόμενον’
458 1408 591 1468 videntes
611 1417 723 1468 temere
743 1408 911 1487 desperare,
936 1425 994 1467 non
1013 1406 1130 1467 aliunde
1150 1415 1254 1486 petere

79 1500 221 1579 ‘touton
245 1501 419 1584 ἀναπνοήν
438 1524 513 1566 τινα
531 1498 586 1567 καὶ
605 1500 799 1586 ῥαστώνην.
819 1539 860 1548 -—
880 1503 984 1565 Nonne
1004 1507 1102 1565 statim
1122 1507 1152 1564 in
1172 1522 1254 1564 men·

79 1612 138 1664 tem
163 1604 215 1664 tibi
240 1606 364 1664 veniunt
388 1621 462 1682 quae
486 1612 676 1683 exponuntur
700 1605 729 1663 in
755 1602 902 1682 capitibus
925 1598 955 1683 5,
979 1600 1008 1683 8,
1035 1599 1172 1682 1415?
1211 1601 1255 1662 ct
1295 1603 1301 1609 '

80 1721 105 1762 e.
125 1721 152 1781 g.
176 1721 201 1761 c.
222 1699 256 1780 8,
275 1699 388 1762 469οε
419 1696 492 1779 τὴν
520 1693 557 1762 δέ
585 1697 738 1762 διάνοιαν
767 1697 955 1780 ἐντείνομεν
982 1698 1029 1772 είς
1056 1698 1096 1761 τά
1125 1697 1256 1782 λυπηρά

80 1795 135 1861 καὶ
157 1799 426 1880 προσβιαζόμεθα
450 1806 520 1872 τοῖς
543 1805 610 1858 τῶν
633 1794 780 1878 ἀνιαρῶν
804 1794 1025 1876 ἐνδιατρίβειν
1044 1792 1257 1875 ἀναλογισ-

80 1894 193 1978 μοίς’.
219 1930 257 1939 -
284 1897 462 1977 φροντίσιν
481 1896 572 1958 babes
592 1899 681 1957 etiam
700 1916 725 1956 c.
744 1894 785 1957 14
799 1899 875 1975 init.;
899 1889 1020 1970 πιέζειν
1039 1914 1064 1955 c.
1082 1892 1132 1975 15,
1146 1893 1257 1976 473F3

81 1995 150 2055 ibid.
165 1991 371 2056 ἀναπνεῦσαι
390 1988 431 2077 (c.
447 1992 502 2055 2οι
523 1988 699 2076 ἀναπνοή).
728 2012 752 2053 c.
763 1992 820 2054 2οε
840 1990 1037 2072 πράγμασι
1052 2026 1096 2036 -
1110 2013 1136 2054 c.
1147 1991 1166 2055 8
1179 1995 1270 2056 init:

80 2092 139 2155 τὸν
163 2086 239 2172 περὶ
261 2099 329 2152 τῶν
352 2088 590 2171 πραγμάτων
615 2089 724 2171 λόγον.
751 2125 788 2132 -
814 2090 971 2151 Praeterea
989 2092 1206 2152 animadvertas
1225 2093 1256 2152 in

82 2191 229 2269 capitibus
253 2189 287 2271 8,
313 2188 367 2271 14,
393 2186 434 2251 15
464 2199 496 2249 ut
524 2191 677 2267 egregium
705 2189 927 2268 tranquillitatis
951 2189 1118 2250 subsidium
1141 2190 1258 2269 praedi-

82 2290 144 2348 cari
175 2287 321 2348 bonorum
354 2289 585 2367 praetoritorum
618 2289 790 2346 memoriam
824 2294 853 2346 et
887 2287 972 2365 plane
1002 2287 1080 2347 idem
1109 2289 1260 2347 contineri

84 2387 189 2463 capitis
205 2381 248 2445 20
267 2384 379 2445 ultimis
401 2385 510 2444 verbis:
531 2378 653 2463 ελόγος,
673 2370 698 2468 ᾧ
718 2381 882 2464 χρώμενοι
901 2378 955 2445 καὶ
973 2391 1043 2456 τοῖς
1061 2390 1259 2465 παροῦσιν

82 2477 289 2562 ἀμέμπτως
321 2482 536 2543 συνοίσονται
568 2475 642 2563 (quo
671 2483 709 2542 cl.
732 2500 756 2540 c.
777 2479 810 2561 8,
830 2479 943 2543 469l:
976 2477 1058 2555 ‘cois
1089 2480 1260 2564 πράγμασι

82 2578 280 2658 παυσόμεθα
308 2574 580 2659 μεμφόμενοι’;
609 2576 723 2640 loeo:
749 2573 903 2657 (ἀγαθοῖς
931 2571 968 2640 δέ
995 2585 1193 2659 παροῦσιν
1217 2577 1260 2641 ού

82 2672 259 2756 προσάγεις
289 2673 350 2756 την
379 2672 554 2737 διάνοιαν’.
600 2676 631 2736 C.
653 2673 694 2737 14
708 2678 786 2737 init:
815 2672 1007 2756 ‘nopdvvoc
1035 2675 1075 2738 τά
1102 2672 1261 2761 χρηστά’)

82 2768 227 2835 καὶτῶν
250 2771 476 2853 γεγονότων
499 2769 699 2853 εὐχαρίστως
722 2771 1019 2853 μνημονεύουσι
1043 2769 1094 2857 (cl.
1118 2794 1143 2835 c.
1167 2774 1207 2836 14
1230 2786 1261 2837 et

83 2891 107 2932 c.
130 2868 171 2932 15
186 2873 248 2931 init.
278 2870 330 2930 ubi
353 2871 432 2931 idem
456 2873 651 2950 praecipitur:
680 2890 704 2931 c.
728 2868 769 2931 14
784 2873 861 2931 init:
889 2868 938 2931 ‘ol
959 2863 995 2932 dt
1018 2870 1182 2951 φρόνιμοι
1203 2867 1261 2934 καὶ

83 2968 123 3030 τά
147 2962 257 3048 μηκέτ’
281 2966 361 3029 ὄντα
383 2965 428 3051 τῷ
452 2965 722 3048 μνημονεύειν
745 2963 892 3046 ἐναργῶς
911 2966 991 3030 ὄντα
1009 2975 1165 3031 ποιοῦσιν
1184 2965 1261 3031 ἐαυ-

84 3060 165 3138 παῦς’
172 3088 180 3146 ;
204 3084 228 3125 c.
252 3061 292 3126 15
307 3067 385 3127 init:
410 3062 597 3147 ‘dodpmuoc
621 3111 650 3125 ..
671 3061 938 3145 ἐμπλέκωνται
961 3075 1033 3139 ταῖς
1055 3074 1122 3128 τῶν
1146 3063 1262 3147 ἀηδῶν

85 3156 361 3246 ἀναμνήσεσι’)
393 3156 447 3224 καὶ
479 3161 562 3244 πρὸς
593 3161 630 3224 τὸ
664 3161 805 3224 λοιπὸν
832 3160 949 3225 ἵλεων
978 3157 1029 3247 (cl.
1054 3184 1078 3225 c.
1103 3164 1188 3228 ann.
1217 3164 1263 3227 τδ

84 3253 216 3342 λοιπά)
236 3256 298 3339 τὴν
318 3255 434 3321 ἐλπίδα
453 3254 508 3321 καὶ
528 3257 703 3341 φαιδρὰν
723 3260 852 3341 ἔχοντες
872 3253 923 3342 (cl.
943 3279 967 3320 c.
984 3258 1034 3339 15,
1049 3259 1162 3322 tier:
1182 3259 1263 3325 ‘cmv

85 3353 286 3438 πραγμάτων
314 3354 354 3417 τδι
377 3350 557 3441 φαιδρά’)
587 3353 692 3431 ἀδεῶς
717 3352 771 3419 καὶ
795 3354 991 3430 ἀνυπόπτως
1013 3354 1265 3438 προσάξουσιν.’

86 3449 227 3539 (adalind
259 3454 350 3514 babes
379 3457 520 3517 etiamne.
541 3453 576 3534 9,
594 3452 709 3534 eoem
742 3451 860 3528 ‘tusas
891 3449 946 3516 καὶ
973 3450 1133 3536 ἀτρόμως’
1162 3475 1188 3518 o.
1212 3458 1263 3539 16,

85 3550 152 3614 474
162 3546 210 3634 D.)

174 3649 340 3710 Lucramur
372 3669 461 3727 porro
493 3659 612 3729 praeter
644 3669 678 3710 ea
707 3669 782 3729 quae
811 3653 912 3711 monui
940 3670 976 3710 ex
1005 3653 1110 3730 capitis
1134 3650 1177 3713 20
1202 3655 1263 3716 line

87 3749 175 3807 etiarn
204 3764 311 3806 novum
341 3743 504 3827 εὐθυμίας
531 3748 741 3809 adminiculum
772 3748 850 3827 quod
880 3767 947 3807 mox
972 3751 1070 3826 magni
1093 3753 1150 3809 erit
1174 3752 1263 3813 nobis

88 3845 241 3925 momenti3
268 3843 395 3922 legimus
424 3847 501 3906 enim
530 3853 598 3906 ante
626 3845 715 3906 verba
745 3864 834 3924 supra
863 3848 1009 3925 exscripta
1038 3846 1123 3908 haec:
1152 3844 1201 3909 ‘ol
1226 3843 1259 3910 d’

87 3939 262 4023 ἀνθρωττοι
282 3989 288 4001 .
306 3988 333 4001 ..
354 3936 427 4004 οὐδ’
446 3937 566 4024 ἑτέρων
585 3940 867 4025 παρακαλούντων
880 3937 1121 4024 προσδέχονται
1136 3943 1263 4026 λόγον’,

88 4039 196 4118 quibus
225 4038 322 4100 verbis
351 4039 425 4100 bena
454 4041 614 4120 respondet
642 4042 747 4120 capitis
776 4042 865 4119 primi
893 4041 1061 4100 exordium:
1091 4038 1142 4103 ‘roi
1166 4040 1263 4125 πάθη

34 4236 187 4398 [ΜΖ
210 4261 258 4388 303!
285 4261 399 4332 Ηίετεὶ,
430 4265 555 4322 Hermes
580 4271 629 4335 14,
650 4270 701 4322 377
714 4285 756 4336 sq.
797 4265 941 4334 Bomaqs,
964 4262 1020 4316 itio
1042 4262 1279 4319 meminissem
