2754 4656
561 253 781 315 „gg-

174 434 235 496 Nec
267 452 337 494 vero
370 436 402 494 in
435 435 605 494 universnm
638 434 711 492 istae
742 431 971 492 deliberationes
999 428 1077 508 apud
1107 427 1252 491 Plutarchi

87 542 238 594 auctorem
263 533 397 612 deerant3
423 550 490 591 nam
509 532 647 609 recogita,
671 547 789 608 quaeso,
813 535 948 588 nostrum
968 523 1022 586 ‘lle
1036 527 1187 606 tranquill.
1201 523 1253 588 an.’

87 629 145 694 οἳ
165 650 197 691 se
216 632 371 707 accingere
391 636 492 689 contra
514 630 608 688 virum
628 627 775 706 quendam
795 629 847 705 qui
866 626 1001 685 homines
1016 624 1255 704 tranquillitatem

88 737 261 808 appetentes
285 728 330 786 roi
353 725 488 805 publicae
512 724 687 785 muneribus
706 743 827 803 operam
846 723 916 784 dare
936 730 1083 803 vetuerat3
1106 732 1257 800 praeterea

88 825 232 887 Giesecke
259 817 302 907 (p.
322 817 379 906 62)
408 825 518 902 optime
546 824 668 900 respicit
695 822 730 882 ad
762 822 895 882 eiusdem
923 819 992 879 libri
1019 817 1182 900 e.10fin.,
1210 820 1258 882 ubi

89 924 211 984 eandem
241 922 325 1002 plane
354 931 442 998 atque
471 916 530 979 ‘lle
550 916 649 979 exilio'
674 938 698 979 c.
720 917 761 980 12
790 919 1007 997 oppositionem
1034 916 1140 978 habes:
1170 913 1258 979 ‘dean

89 1016 284 1100 &concorpora
308 1012 423 1100 ἑτέρου
447 1012 613 1097 λέγοντος,
637 1013 682 1089 ὡς
704 1013 804 1097 μικρὰ
826 1013 866 1076 τὰ
887 1007 966 1076 καθ’
983 1010 1069 1094 ἡμᾶς
1086 1011 1259 1096 πράγματα

89 1113 144 1181 καὶ
173 1114 282 1197 λυπρὰ
310 1114 443 1196 δεινῶς,
471 1112 514 1195 μὴ
542 1110 777 1175 ὑπατευόντων
800 1103 877 1194 μηδ’
900 1109 1187 1194 ἐπιτροπευόντων
1209 1107 1259 1197 (sl-

90 1216 210 1277 millime
234 1210 287 1275 ‘lle
307 1208 407 1274 exilio'
431 1213 448 1275 l.
469 1213 486 1273 l.
512 1212 647 1273 homines
675 1213 750 1272 male
778 1213 911 1273 contenti
938 1204 1186 1295 introducuntur)
1214 1205 1260 1286 ἐξ·

90 1327 181 1376 εστιν
208 1310 313 1373 εἰπεῖν
336 1304 387 1392 (ci.
412 1307 465 1370 ‘tte
486 1306 598 1370 exilio':
627 1305 683 1392 ‘epi
707 1305 781 1371 ‘ndu
803 1306 947 1390 ἄρχομεν
971 1302 1035 1368 ...’
1060 1302 1197 1382 ἀντίθες
1214 1305 1261 1372 τὸ’

90 1405 174 1491 ειτ.)·
194 1404 235 1470 οὐ
251 1411 505 1490 προσαιτοῦμεν,
525 1403 586 1468 οὐκ
600 1402 870 1488 ἀχθοφοροῦμεν,
890 1401 932 1466 οὐ
946 1401 1184 1486 κολακεύομεν
1200 1399 1260 1490 (eui

88 1509 208 1569 ultimae
229 1509 291 1566 voci
312 1505 473 1584 respondet
493 1502 545 1565 ‘lle
561 1499 674 1565 exilio’:
699 1501 753 1567 ‘od
771 1500 1029 1585 προσηρτήμεθα
1047 1498 1172 1585 θύραις
1190 1500 1262 1583 ἡγε-

77 1599 210 1686 ’μόνος’.
252 1603 295 1665 ct.
319 1605 407 1663 etiam
427 1599 480 1662 ‘tte
500 1602 649 1681 tranquill.
669 1597 727 1664 an.'
746 1600 776 1683 3,
795 1599 893 1663 4660
918 1595 1129 1682 ’προαγωγὰς
1151 1597 1189 1662 ἐν
1207 1597 1263 1663 αὐ-

89 1706 162 1776 λαῖς
185 1696 380 1780 διώκουσί).

179 1798 276 1859 Habes
300 1800 392 1877 igitur
413 1799 444 1857 in
464 1805 591 1876 utroque
611 1796 709 1857 libello
729 1799 759 1856 in
779 1797 871 1858 altera
890 1798 1085 1875 oppositionis
1104 1805 1189 1875 parte
1210 1799 1264 1858 tria

89 1898 235 1977 membra;
259 1898 346 1956 etiam
366 1896 516 1973 inpriore
536 1903 619 1973 parte
639 1897 669 1954 in
688 1894 764 1955 liltro
785 1890 837 1954 ‘De
858 1889 958 1954 exilio'
977 1896 1042 1974 tria,
1066 1896 1097 1954 in
1116 1892 1193 1955 libro
1213 1890 1263 1954 ‘lle

91 1994 240 2074 tranquill.
259 1988 317 2054 an.'
342 2003 445 2053 contra
468 1992 527 2051 duo
552 2000 666 2052 tantum
691 1992 821 2052 membra
847 2000 971 2052 exstant.

179 2091 260 2162 Quae
284 2109 352 2151 crim
376 2092 416 2151 ita
440 2091 508 2169 sint,
532 2098 633 2149 certus
656 2092 712 2150 iste
737 2089 874 2168 querelae
896 2098 926 2149 et
945 2089 1156 2150 consolationis
1176 2109 1265 2170 oppo-

30 2236 33 2240 n
90 2196 166 2254 situs
190 2192 220 2249 in
245 2198 372 2266 utraque
396 2189 644 2247 commentatione
669 2187 791 2247 lortuito
817 2194 950 2247 servatus
974 2205 1040 2246 esse
1065 2189 1185 2270 nequit,
1215 2187 1264 2248 sed

93 2310 130 2351 ex
153 2290 235 2348 fonte
259 2285 357 2364 aliquo
382 2286 552 2345 necessario
576 2285 770 2364 depromptus
792 2294 844 2366 est,
868 2287 899 2345 in
918 2304 977 2365 quo
996 2285 1074 2345 idem
1095 2286 1157 2346 lore
1177 2286 1264 2366 finge·

91 2388 180 2448 batur
208 2384 341 2462 dialogus
372 2383 456 2444 stnlti
482 2385 534 2463 qui
557 2401 643 2462 aegre
668 2383 725 2443 lert
749 2383 827 2462 qnod
852 2401 867 2442 a
893 2385 1066 2461 magistratu
1089 2383 1264 2452 honoribus·

92 2504 150 2565 quo
170 2482 297 2562 publicis
317 2489 449 2541 remotus
469 2483 508 2541 sit
528 2489 557 2540 et
577 2482 719 2558 sapientis
734 2482 785 2559 qni
800 2480 882 2541 illum
898 2481 1076 2542 consolatur.
1110 2481 1266 2542 Praeterea

92 2580 345 2642 animadversione
377 2578 498 2656 dignum
533 2585 579 2638 est
612 2578 690 2657 qnod
725 2586 854 2656 utroque
883 2578 947 2638 loco
975 2580 1002 2638 is
1030 2580 1081 2657 qni
1110 2578 1197 2639 alteri
1224 2597 1266 2640 re·

93 2678 219 2758 spondet
242 2677 337 2755 prima
363 2693 487 2753 persona
508 2674 648 2754 loquitor,
672 2675 811 2752 idemque
830 2673 903 2735 iacit
923 2671 975 2735 ‘lle
991 2672 1090 2735 exilio’
1109 2676 1127 2736 l.
1143 2675 1160 2737 l.
1181 2678 1266 2737 etiam

93 2781 119 2838 is
148 2777 199 2856 qui
227 2777 271 2834 rei
299 2771 435 2852 publicae
464 2772 628 2832 officiorum
658 2774 846 2832 amissionem
876 2773 1024 2852 deplorat,
1057 2776 1101 2834 nti
1130 2773 1205 2834 duas
1233 2773 1268 2834 oh

93 2891 197 2936 causas
222 2866 273 2954 (cl.
293 2863 397 2951 snpra)
422 2869 497 2929 Plut.
523 2871 551 2929 in
576 2870 631 2929 hao
655 2868 907 2947 disputatiuncula
932 2872 1101 2930 accuratius
1126 2889 1215 2949 qnam
1238 2873 1267 2932 in

93 2972 170 3033 libro
195 2965 247 3029 ‘De
267 2965 416 3044 tranquill.
437 2963 495 3026 an.'
521 2975 671 3027 auctorem
695 2985 783 3028 snum
807 2970 994 3047 excerpsisse
1020 2965 1163 3028 videatur.

184 3066 265 3137 Quae
295 3066 392 3124 omnia
422 3066 447 3122 si
471 3062 710 3145 complectimur,
738 3064 767 3123 id
792 3072 873 3125 certe
897 3072 1013 3125 constat
1037 3066 1095 3124 iam
1119 3065 1269 3126 Plutarchi

95 3176 247 3228 auctorem
274 3163 413 3223 docuisse
437 3163 570 3239 ineptum
595 3179 660 3221 esse
684 3160 812 3240 publicis
835 3162 1009 3223 muneribus
1033 3164 1151 3222 amissis
1176 3162 1268 3224 dolori

95 3284 127 3326 se
151 3264 269 3340 dedere,
296 3259 451 3338 eidemque
476 3258 592 3319 videtur
615 3260 678 3318 viva
703 3259 796 3318 forma
820 3259 932 3339 deberi,
956 3278 1014 3338 qna
1038 3258 1148 3320 stultus
1173 3269 1203 3321 et
1227 3279 1268 3320 sa-

94 3365 179 3442 piens
208 3363 239 3418 in
269 3375 387 3417 scenam
415 3356 563 3434 prodeunt
586 3363 615 3416 et
639 3364 672 3417 nt
695 3358 725 3416 in
749 3355 864 3434 dialogo
888 3359 967 3416 inter
990 3374 1021 3416 se
1045 3355 1268 3438 colloquuntur3

95 3466 208 3538 eontra,
232 3454 311 3535 quod
335 3456 441 3514 attinet
465 3453 499 3512 ad
524 3452 647 3532 singula,
671 3453 822 3513 Plutarchi
844 3455 938 3532 ipsius
957 3455 1109 3532 ingenium
1130 3456 1270 3536 sapimus

96 3574 165 3616 cum
189 3554 278 3614 tontis
303 3553 349 3612 sui
368 3550 496 3610 indolem
516 3549 661 3629 adaptarit
680 3551 716 3610 ad
736 3568 807 3611 suae
826 3553 930 3611 aetatis
950 3550 1133 3628 Romanique
1153 3553 1270 3631 imperii

97 3661 206 3714 statum
234 3659 263 3710 et
292 3649 326 3709 ad
356 3648 553 3728 Menemachi,
586 3650 673 3708 amici
702 3647 836 3708 Sardiani
865 3652 894 3708 in
924 3647 1044 3708 exilium
1072 3649 1169 3728 missi,
1202 3667 1268 3710 con·

96 3750 255 3811 dicionem.

186 3842 421 3906 Recurrentibus
445 3843 530 3903 nobis
554 3844 589 3903 ad
613 3841 673 3905 c.8
698 3851 811 3904 tantum
836 3844 1077 3904 commemorare
1092 3842 1181 3904 liceat
1201 3844 1269 3905 inde

98 3966 114 4007 a
142 3939 278 4022 capite8
308 3959 402 4020 usque
430 3941 466 4001 ad
495 3960 519 4001 c.
540 3936 580 4002 11
610 3942 730 4020 longum
759 3943 842 4019 sequi
871 3959 1029 4001 excursum
1059 3941 1095 4001 de
1122 3942 1217 4002 exulis
1239 3943 1268 4002 in

97 4059 218 4123 parvam
237 4045 416 4099 remotamve
436 4037 561 4099 insulam
581 4041 664 4099 missi
683 4038 865 4118 condicione,
885 4040 936 4117 qui
957 4040 1077 4099 minime
1096 4039 1269 4117 quadratio

97 4137 280 4200 Menemachi
308 4144 420 4197 sortem
448 4135 499 4197 sed
529 4155 592 4196 eam
621 4136 659 4196 ob
682 4154 801 4197 oausam
825 4154 841 4195 a
865 4135 1025 4197 Plutarcho
1050 4137 1182 4197 insertus
1205 4153 1268 4197 esse

82 4234 212 4311 ridetur,
245 4242 279 4292 nt
302 4235 421 4296 amicus
444 4234 601 4317 intellegat
624 4234 738 4296 multos
761 4232 867 4294 exules
886 4232 980 4310 longe
1002 4235 1138 4309 gemisse
1159 4250 1194 4289 se
1208 4235 1276 4308 ipss

39 4339 161 4384 moena
183 4327 331 4414 affectos,
355 4342 389 4394 at
414 4353 453 4396 ne
480 4335 539 4398 hos
567 4337 697 4418 quidem
722 4350 835 4395 reuera
853 4329 999 4392 inlel‘tces
1021 4342 1100 4384 esse.
