2754 4656
624 246 843 310 ..52-

150 446 274 504 prorsus
302 426 481 508 neglexisse,
509 429 598 486 immo
626 445 768 506 persaepe
797 430 828 487 in
855 429 922 487 vitis
946 426 1157 507 componendis
1182 421 1322 503 Ctesiam,

151 524 363 606 Thucydidem,
385 525 548 605 Ephorum,
572 523 806 606 Theopompum,
830 524 1028 607 Aristotelem,
1047 525 1159 605 Durim,
1179 524 1323 602 Hierony·
1337 536 1345 592 j

150 641 232 683 mum
260 622 453 702 Gordianum,
481 623 639 702 Dinonem,
668 621 816 682 Valerium
844 622 1005 703 Antiatem,
1033 622 1200 703 Polybium,
1230 621 1324 681 Sallu-

152 724 250 801 stium,
274 721 476 800 Posidonium,
500 720 680 799 Dionysium,
705 728 738 780 ut
757 719 830 779 alios
849 722 990 800 omittam,
1014 723 1157 801 inspexit3
1181 730 1210 779 at
1230 719 1324 780 multo

151 818 322 894 diligentius
355 836 475 896 operam
506 817 606 897 dabat,
640 826 672 877 ut
699 818 796 877 sontes
825 817 882 877 sibi
909 820 1079 897 acquireret
1107 818 1142 878 ad
1170 818 1324 877 homiuum

150 916 298 977 clarorum
331 925 466 977 naturam
495 917 707 993 ingeniumque
735 914 943 975 illustrandum
973 916 1069 977 utiles.
1120 915 1185 984 Quo
1213 915 1324 975 iactum

151 1023 209 1095 est,
235 1022 268 1074 ut
291 1032 362 1092 prae
386 1015 495 1073 ceteris
519 1011 666 1072 incideret
688 1014 719 1072 in
743 1012 958 1092 Peripateticos
981 1012 1047 1073 illos
1071 1014 1122 1092 qui
1146 1013 1234 1072 simili
1258 1031 1325 1090 per-

151 1112 234 1173 ducti
257 1111 381 1172 consilio
401 1110 598 1189 Theophrasti
622 1112 753 1188 vestigiis
777 1110 978 1189 ingredientes
1000 1109 1094 1190 βίους
1112 1113 1164 1188 qui
1184 1111 1326 1170 dicuntur

151 1211 407 1288 conscripserunt:
428 1209 493 1269 dico
513 1207 734 1287 Dicaearchum,
752 1206 903 1289 Phaniam,
922 1207 1106 1289 Clearchum,
1126 1226 1196 1287 prae
1216 1211 1326 1268 ceteris

151 1317 249 1368 autem
277 1307 416 1386 Satyrum
444 1314 474 1367 et
496 1305 692 1384 Hermippum
716 1299 978 1389 Callimacheum1)
1006 1324 1133 1385 quorum
1161 1305 1326 1366 historiolis

152 1413 181 1465 et
209 1405 340 1465 llosculis
365 1404 440 1465 Plut.
465 1423 489 1464 e.
509 1422 536 1482 g.
559 1403 688 1482 Lycurgi
716 1413 746 1463 et
770 1403 886 1463 Solonis
915 1406 989 1463 vitas
1016 1423 1173 1464 exornasse
1198 1403 1326 1463 videtur.

239 1504 308 1562 Pari
338 1502 424 1562 modo
453 1504 541 1562 etiam
569 1500 619 1560 alii
646 1503 773 1560 vitarum
802 1503 964 1580 scriptores
994 1504 1044 1579 qui
1073 1501 1223 1581 prioribus
1253 1509 1326 1560 tem·

149 1600 274 1680 poribus
297 1600 464 1661 floruerunt
488 1600 689 1660 Chaeronensi
713 1600 789 1659 usui·
805 1608 905 1679 erant3
927 1600 1048 1659 minime
1073 1601 1151 1660 enim
1171 1598 1326 1676 ignorabat

150 1701 208 1759 iam
229 1697 456 1776 Xenophontem
481 1697 516 1757 de
537 1696 674 1779 Agesilai,
697 1696 851 1775 Polybium
876 1697 912 1755 de
931 1696 1178 1777 Philopoemenis,
1201 1695 1325 1756 Paetum

150 1796 312 1856 Thraseam
342 1795 378 1855 de
402 1795 521 1855 Catonis
550 1797 675 1855 minoris
703 1797 763 1854 vita
789 1793 990 1874 peculiaribus
1013 1794 1119 1854 libellis
1143 1794 1326 1873 disputasse3
1367 1824 1369 1860 :

151 1913 206 1954 nec
230 1912 298 1953 eum
323 1894 464 1971 fugerunt
488 1895 596 1952 Aratus
616 1892 781 1973 Sicyonius,
805 1891 1002 1974 Aristobulus,
1026 1892 1115 1972 Sulla,
1139 1892 1244 1952 Cicero
1268 1893 1327 1970 ipsi

152 2010 220 2052 suas
245 2009 293 2051 res
317 2000 415 2069 gestas
439 1993 567 2068 posteris
591 1989 751 2050 tradentes.

240 2089 272 2148 ln
297 2089 398 2148 Dionis
427 2091 485 2146 rita
515 2087 653 2166 epistulis
676 2086 806 2147 Platonis
835 2107 909 2167 quae
934 2089 1084 2167 seruntur,
1112 2091 1143 2147 in
1167 2086 1327 2146 Alexandri

150 2189 210 2246 vita
228 2186 316 2247 huius
336 2188 415 2264 regis
435 2185 570 2264 epistulis
589 2194 619 2245 et
638 2189 868 2266 commentariis,
893 2187 988 2265 quoad
1009 2194 1133 2247 aetatem
1154 2178 1327 2266 tulerant2),

150 2284 268 2345 abunde
298 2301 371 2344 usus
400 2291 453 2343 est.
496 2283 619 2343 Accedit
647 2284 727 2363 quod
755 2292 814 2344 tam
843 2286 1006 2363 exquisitos
1035 2284 1132 2344 fontes
1161 2283 1218 2343 sibi
1242 2301 1326 2361 para-

151 2385 193 2443 vit
221 2381 323 2461 quales
351 2388 422 2442 sunt
446 2380 636 2442 Stesimbroti
659 2381 760 2442 Thasii
787 2382 917 2442 famosus
945 2381 994 2441 ille
1023 2381 1140 2442 libellus
1168 2400 1225 2459 quo
1249 2380 1326 2441 The-

151 2480 315 2561 mistocleS,
343 2478 531 2557 Thucydides
555 2478 692 2539 Melesiae
715 2479 807 2560 lilius,
835 2478 965 2539 Pericles
989 2479 1170 2540 vexabantur
1194 2489 1224 2539 et
1247 2478 1327 2539 lonis

152 2578 218 2638 Chii
240 2577 316 2637 liber
335 2570 555 2656 ‘'Encdqpc'oc'
575 2579 747 2655 inscriptus
772 2595 846 2656 quae
866 2576 925 2636 duo
944 2576 1093 2637 volumina
1112 2596 1212 2639 rerum
1233 2579 1326 2654 scrip-

152 2675 267 2736 toribus
287 2673 397 2734 nullam
413 2692 506 2752 paene
522 2677 676 2734 materiem
691 2672 834 2752 praebere
849 2681 995 2751 poterant.
1028 2674 1185 2736 Praeterea
1200 2675 1327 2734 Chaero-

152 2775 236 2833 nemi
266 2775 330 2832 sine
359 2771 449 2832 dubio
474 2780 592 2850 praesto
617 2780 701 2831 erant
724 2773 803 2831 varia
827 2769 875 2830 illa
898 2773 1189 2834 narratiuncularum
1213 2781 1243 2831 et
1267 2771 1327 2830 dic-

152 2879 250 2931 torum
275 2869 470 2950 singularium
494 2869 673 2930 collectanea
697 2887 824 2948 quorum
848 2870 942 2929 series
966 2869 1003 2929 ah
1027 2868 1181 2930 Heraclide
1206 2867 1328 2947 Lembo,

152 2968 379 3049 Chamaeleone,
407 2968 525 3046 Lynceo
553 2967 665 3048 Samio,
691 2966 896 3045 Hegesandro‘
907 2967 1050 3046 Delphico
1079 2984 1173 3045 usque
1201 2965 1236 3024 ad
1261 2965 1328 3025 Plu·

151 3067 248 3128 tarchi
271 3074 396 3127 aetatem
420 3083 585 3143 numquam
608 3067 775 3143 interrupta
799 3057 905 3145 erat.³)
930 3098 972 3106 —
996 3064 1056 3125 Nec
1078 3083 1136 3123 non
1157 3071 1259 3123 noster
1279 3082 1328 3122 co-

151 3168 245 3226 micos
263 3167 369 3224 atticos
389 3181 456 3222 cum
477 3169 593 3222 veteres
611 3171 674 3221 tum
695 3163 880 3222 recentiores
899 3170 1106 3240 perscrutatus
1121 3179 1185 3220 esse
1200 3161 1329 3242 videtur,

152 3265 197 3324 uti
215 3267 418 3341 cognosceret,
440 3260 511 3339 quid
531 3260 563 3318 hi
581 3268 684 3338 poetae
702 3259 871 3319 hominibus
887 3278 1014 3338 quorum
1030 3261 1117 3319 vitam
1134 3267 1328 3319 enarraturus

152 3368 216 3420 erat
238 3358 376 3438 aequales
401 3357 437 3416 de
461 3359 504 3416 eis
527 3356 746 3417 iudicavissent.

242 3456 388 3518 Omnibus
410 3456 457 3514 his
481 3453 655 3515 auctoribus
678 3456 749 3514 satis
773 3455 900 3515 diversis
924 3464 953 3515 et
977 3472 1080 3531 magna
1105 3462 1243 3532 exparte
1264 3456 1328 3533 qui·

153 3557 219 3617 dem
243 3556 300 3615 lide
323 3572 449 3633 prorsus
473 3553 602 3631 indignis
628 3570 702 3631 quos
726 3571 814 3631 quam
835 3552 1009 3613 brevissime
1028 3550 1207 3630 perlustrari
1225 3555 1328 3611 nescio

152 3673 188 3714 an
213 3655 352 3730 scriptori
376 3670 445 3711 vere
469 3651 612 3710 historico
638 3649 696 3709 ullo
720 3649 808 3711 modo
832 3653 873 3711 uti
894 3668 953 3710 non
973 3649 1104 3729 licuerit3
1128 3657 1231 3708 contra
1250 3647 1327 3719 Plut.

153 3770 208 3812 suo
232 3752 297 3810 iure
321 3767 373 3809 eos
396 3748 477 3808 adire
502 3758 531 3807 et
554 3747 702 3827 permulta
726 3766 760 3806 ex
786 3750 828 3807 eis
851 3747 961 3808 lucrari
984 3756 1113 3827 poterat,
1141 3748 1251 3825 quippe
1276 3749 1327 3824 qui
1360 3735 1364 3747 ’

153 3867 212 3908 nou
232 3856 291 3908 tam
310 3849 441 3906 virorum
461 3845 610 3906 clarorum
629 3845 704 3904 lacta
725 3864 813 3924 quam
832 3864 930 3912 mores
945 3854 1140 3924 naturamque
1155 3842 1327 3904 describere

244 4033 270 4089 1)
289 4027 325 4082 ci.
344 4027 379 4082 de
395 4027 449 4081 hoc
462 4026 623 4081 litterarum
637 4042 741 4096 genere
757 4025 903 4094 Susemihl,
922 4024 1000 4079 Alex.
1016 4023 1183 4079 Lib-(lesch.
1200 4023 1212 4074 Ι
1227 4028 1326 4091 492sq.

153 4115 213 4163 498.
252 4107 452 4176 Wachsmuth,
472 4107 490 4161 l.
506 4107 525 4161 l.
544 4126 571 4176 p.
586 4112 638 4160 203
649 4125 690 4176 sq.

243 4191 270 4256 2)
290 4187 323 4240 cf.
340 4187 534 4256 Wochsmuth,
553 4187 572 4241 l.
587 4186 606 4240 l.
626 4206 652 4255 p.
669 4192 728 4240 575.
765 4185 916 4255 Biidinger,
937 4184 988 4238 Die
1003 4183 1267 4240 Universalhistorie
1286 4183 1326 4236 im

154 4269 331 4323 Albertbume
351 4286 377 4336 p.
395 4271 452 4322 165.
491 4268 524 4321 cf.
544 4265 614 4321 ibid.
633 4284 659 4334 p.
676 4272 709 4320 80
724 4265 792 4320 adn.
808 4271 832 4319 3.

244 4350 271 4418 3)
289 4349 323 4402 cf.
339 4346 486 4412 Suaemihl,
504 4346 523 4399 l.
539 4347 556 4398 l.
571 4346 584 4398 I
599 4351 649 4398 487
657 4363 697 4413 sq.
712 4351 764 4399 489
772 4363 811 4412 sq.
828 4350 924 4412 bOlsq.
954 4343 1149 4410 Wachsmuth‚
1164 4344 1181 4399 l.
1193 4344 1211 4396 l.
1226 4350 1324 4412 p.204.
