2754 4656
632 211 852 274 „gq-

159 411 263 455 oausas
291 391 434 469 suspicati
462 409 565 450 sumus
593 424 637 432 -
664 393 758 468 capita
783 387 805 450 4
828 401 857 450 el
881 387 915 471 5,
940 389 973 467 8,
999 388 1052 469 14,
1078 386 1120 451 15
1146 393 1177 450 in
1202 392 1359 466 genuino

159 492 371 551 commentario
400 508 416 548 a
440 488 598 548 Plutarcho
627 506 767 566 expresso
797 507 855 548 uno
884 491 1086 566 continuoque
1115 507 1193 548 nexu
1223 507 1255 548 se
1285 508 1353 550 ex-

159 591 282 667 cepisse,
297 590 347 665 qoi
364 590 393 645 in
408 585 483 645 libro
494 580 548 644 ‘lle
559 579 658 643 exilio'
669 585 699 643 in
716 587 885 644 universnm
901 583 997 644 adlrue
1012 593 1148 643 servatus
1162 593 1216 644 est.
1236 584 1344 648 Pauca

159 695 273 744 tantum
297 682 414 742 aliunde
438 684 548 740 inserta
573 690 656 739 sunt:
680 679 745 738 dico
769 698 794 739 c.
809 677 896 751 3lnr.‚
921 680 972 740 ubi
991 680 1067 741 Plut.
1087 683 1184 758 ipsum
1204 683 1337 744 amicum

158 800 246 861 quern
275 779 482 840 consolaturus
510 786 556 838 est
583 777 743 855 alloquitur
772 784 802 836 et
829 795 853 836 c.
874 777 1039 857 4iuitiom,
1070 779 1147 857 quod
1172 778 1333 842 rhetoricis

159 882 256 939 causis
272 886 433 957 'permotus
456 896 491 936 ex
516 875 704 936 collectaneis
728 876 790 934 suis
814 877 844 933 in
865 877 1026 953 genuinum
1049 877 1266 937 sententiarum
1286 895 1326 937 or·

158 977 258 1036 dinem
281 978 411 1035 intrusit.

248 1072 330 1143 erae
358 1081 472 1132 restaut
500 1071 572 1131 baec
598 1072 659 1130 iere
683 1081 765 1130 suut:
794 1079 897 1131 contra
921 1073 994 1130 mala
1019 1072 1049 1130 in
1074 1089 1149 1150 quae
1173 1071 1324 1132 incidimus

158 1174 360 1231 necessarium
394 1178 439 1230 est
472 1187 574 1229 omnes
603 1187 652 1229 res
680 1168 772 1227 bonas
801 1168 1004 1247 iucundasque
1033 1187 1108 1247 quae
1137 1168 1224 1228 nobis
1253 1188 1323 1230 ruau-

159 1277 263 1330 sernnt
287 1279 389 1328 tenere
414 1263 453 1348 (o.
469 1260 504 1349 3)
528 1275 558 1326 et
581 1265 710 1326 secunda
731 1265 834 1347 solum,
858 1284 917 1327 non
937 1267 1058 1326 adversa
1079 1269 1239 1346 respicere,
1263 1287 1322 1328 com

158 1365 242 1426 stulti
265 1373 380 1424 tantum
403 1363 538 1423 homines
562 1366 592 1422 in
616 1363 752 1422 tristibus
776 1362 866 1423 rebus
890 1364 1030 1424 haereant
1050 1366 1149 1442 itaque
1169 1363 1215 1423 vel
1234 1363 1322 1425 duricia

156 1481 253 1522 amara
282 1461 339 1520 sibi
367 1460 505 1541 reddam,
532 1463 618 1521 tetrice
647 1478 738 1538 penes
768 1478 822 1520 nos
847 1479 912 1520 esse
936 1460 1099 1521 diiudicare
1124 1461 1195 1539 quid
1221 1460 1323 1522 bonum

158 1558 289 1637 quidque
314 1557 421 1618 malum
446 1560 493 1636 sit,
518 1576 575 1616 nora
600 1576 693 1636 penes
712 1557 809 1617 lovem
834 1577 886 1617 seu
911 1559 1069 1636 lorlunam,
1094 1561 1233 1637 quoniam
1253 1577 1322 1619 com-

159 1658 330 1716 mixtionem
355 1655 432 1715 illam
458 1653 597 1715 adbibere
623 1655 708 1715 nobis
731 1674 849 1734 semper
874 1656 959 1715 liceat
982 1647 1086 1738 (4).
1128 1654 1210 1726 Quae
1234 1657 1322 1716 omnia

124 1784 127 1789 ·
157 1772 182 1814 c.
203 1751 302 1814 bion.
328 1754 425 1814 denuo
450 1752 579 1813 breviter
603 1753 906 1831 comprehenduntur.

248 1850 358 1910 Eodem
387 1850 473 1928 plane
503 1851 588 1910 modo
613 1846 665 1910 ‘lle
690 1850 838 1929 tranquill.
858 1846 915 1910 an.'
940 1851 957 1910 l.
977 1851 994 1911 l.
1023 1853 1188 1911 sententiae
1211 1870 1323 1930 progre-

157 1949 288 2029 diuntur,
308 1967 375 2008 cum
392 1947 609 2008 Chaeronensis
628 1951 790 2026 praecipiat
810 1959 842 2008 ut
862 1949 937 2008 bona
957 1948 991 2008 ad
1012 1948 1087 2008 mala
1107 1948 1323 2029 admisceamus,

157 2047 213 2106 boc
250 2046 337 2105 modo
376 2045 419 2105 vel
454 2044 649 2105 intolerabilia
683 2064 757 2123 (purae
790 2046 928 2107 videntur
961 2046 1125 2106 tolerabilia
1158 2045 1322 2127 reddentem

158 2142 283 2204 stultum
313 2141 407 2202 solum
437 2160 554 2220 semper
582 2142 657 2202 mala
685 2145 716 2202 in
745 2145 842 2203 anirno
865 2142 989 2223 babere3
1017 2144 1161 2204 iudicium
1185 2144 1223 2204 de
1247 2144 1322 2204 bonis

157 2248 187 2300 et
208 2239 292 2300 malis
313 2248 447 2299 nostrum
468 2257 542 2318 esse,
562 2258 629 2299 cum
649 2241 820 2299 commixtio
839 2240 886 2300 illa
906 2259 998 2319 penes
1017 2259 1072 2300 nos
1087 2243 1134 2321 sit,
1153 2240 1230 2301 Plut.
1245 2241 1323 2301 docet

157 2341 187 2397 in
212 2339 307 2415 capite
329 2335 371 2397 14
394 2336 497 2396 eadem
522 2339 690 2397 narratione
710 2336 865 2397 Homerica
890 2349 978 2416 atque
1002 2334 1055 2398 ‘lle
1076 2334 1178 2398 erilio'
1201 2357 1227 2398 c.
1245 2336 1341 2401 4lio.¹

159 2435 324 2514 reprobata.

245 2534 283 2594 ΑΙ
316 2529 369 2592 ‘De
393 2532 542 2611 tranquill.
562 2527 621 2592 an.'
649 2527 763 2613 c.14²,
790 2530 830 2593 15
863 2542 967 2592 auctor
1000 2535 1072 2592 istas
1100 2532 1322 2594 deliberationes

137 2630 323 2707 amplificat,
347 2648 415 2689 cum
439 2629 623 2690 demonstrat
647 2648 683 2689 ne
706 2629 782 2689 bona
802 2630 921 2708 quidem
940 2633 1100 2708 praeterita
1121 2631 1236 2691 inutilia
1256 2650 1323 2710 esse,

157 2728 209 2787 sed
229 2728 465 2787 recordationem
481 2746 585 2788 eorum
599 2727 724 2787 multum
740 2727 836 2787 valere
851 2728 886 2787 ad
904 2726 1145 2806 tranquillitatem
1161 2729 1323 2806 parandam.

246 2822 327 2894 Quae
351 2834 516 2884 commenta
537 2820 590 2883 ‘De
610 2820 709 2883 exilio’
729 2823 747 2883 Ι.
762 2824 780 2883 Ι.
800 2827 908 2904 omisit,
933 2825 1069 2885 videlicet
1088 2829 1158 2904 quia
1178 2844 1236 2886 oon
1255 2843 1323 2904 opus

158 2925 201 2982 eis
225 2932 288 2982 erat
312 2922 346 2980 ad
372 2941 404 2981 ea
430 2908 559 2999 quaein
581 2921 637 2980 bac
662 2921 885 2999 quaestiuncula
908 2922 1102 3000 comprobare
1123 2922 1252 3004 volebat3
1276 2942 1323 2984 nee

157 3037 227 3080 vero
252 3018 381 3079 dubitari
405 3027 503 3096 potest
526 3020 597 3095 quin
623 3021 711 3078 etiam
735 3021 764 3078 in
788 3018 941 3079 Plutarchi
965 3021 1045 3079 lonte
1070 3022 1250 3082 exstiterint

246 3117 305 3176 lam
325 3115 618 3177 animadvertendum
639 3126 684 3176 est
703 3113 756 3176 ‘De
772 3117 920 3195 tranquill.
935 3113 993 3177 an.’
1009 3113 1109 3178 15nn.
1128 3126 1196 3196 post
1211 3136 1323 3179 versum

158 3214 368 3274 Menandreum
389 3222 484 3273 totum
503 3213 607 3274 barum
627 3217 838 3292 cogitationum
859 3223 1064 3292 argumentum
1085 3215 1217 3275 breviter
1235 3216 1325 3295 repeti

157 3313 262 3372 eodem
291 3329 383 3390 paene
411 3311 498 3370 modo
527 3321 614 3389 atque
639 3306 692 3370 ‘lle
717 3305 816 3370 erilio'
841 3308 939 3371 binit.
986 3310 1067 3381 Quae
1095 3330 1164 3372 cum
1193 3314 1234 3373 ita
1262 3315 1325 3392 sint,

157 3427 216 3468 non
240 3407 336 3468 solum
360 3409 389 3466 in
415 3409 586 3468 universum
611 3411 775 3467 sententiae
800 3408 850 3468 sed
876 3410 965 3468 etiam
984 3409 1086 3468 eadem
1106 3411 1324 3488 compositionis

157 3514 317 3585 structura,
341 3506 436 3564 eidem
457 3523 561 3564 versus
580 3515 743 3585 poetarum,
767 3506 887 3565 eaedem
906 3505 1124 3586 similitudines,
1144 3507 1248 3568 eadem
1267 3508 1323 3568 lere

158 3601 245 3662 verba
279 3602 449 3681 singularia,
483 3603 585 3662 eadem
619 3605 760 3681 sapientis
794 3611 823 3662 et
855 3604 937 3663 stulti
970 3607 1163 3682 comparatio,
1201 3606 1323 3684 denique

158 3702 260 3760 eadem
288 3702 380 3758 totius
408 3701 576 3774 argumenti
604 3702 721 3760 iteratio
745 3702 775 3760 in
801 3711 927 3779 utroque
952 3700 1027 3761 libro
1051 3703 1192 3783 redeunt,
1220 3703 1323 3782 quibus

158 3795 295 3857 omnibus
320 3799 502 3873 argumentis
525 3816 593 3857 cum
618 3817 653 3857 ex
677 3797 775 3857 indole
800 3808 862 3857 tum
886 3821 901 3857 e
926 3798 994 3858 stilo
1018 3801 1120 3877 petitis
1143 3809 1225 3860 certe
1249 3802 1323 3861 erin·

157 3898 236 3955 citur
260 3911 446 3953 communem
470 3911 535 3953 esse
560 3895 666 3954 horum
690 3894 816 3955 duorum
841 3899 1021 3974 scriptorum
1046 3897 1168 3957 iontem.

246 3991 301 4051 Cui
325 4009 382 4050 non
408 3991 505 4050 obstat
528 3993 606 4070 quod
631 3995 662 4052 in
681 3992 779 4052 libello
800 3987 852 4051 ‘De
872 3992 1019 4070 tranquill.
1035 3988 1093 4054 an.’
1112 4002 1173 4054 tota
1194 3994 1321 4073 quaestio

158 4089 250 4150 mullo
276 4090 370 4148 insius
393 4088 566 4169 explicatur,
590 4092 618 4148 in
644 4088 742 4148 libello
763 4085 817 4148 ‘oe
836 4086 936 4149 exilio'
960 4099 1061 4150 contra
1085 4093 1189 4170 paucis
1212 4099 1319 4152 tantum

158 4187 270 4265 verbis;
296 4202 363 4244 narn
388 4203 564 4263 quamquam
588 4206 624 4245 er
648 4186 698 4245 illo
722 4187 797 4246 libro
821 4186 914 4246 multo
938 4187 1022 4265 plura
1046 4188 1207 4269 lucramur,
1229 4197 1319 4249 tamm

154 4287 187 4344 in
210 4284 268 4342 boc
291 4284 505 4342 sententiarum
529 4285 612 4364 ordo,
638 4286 669 4343 in
692 4284 784 4344 altero
808 4284 994 4365 dilaceratus,
1018 4286 1104 4364 longe
1127 4285 1244 4348 lidelius
1265 4301 1318 4346 ser·
