2754 4656
609 266 828 332 ..76-

137 453 255 513 maioris
282 455 422 514 momenti
452 464 497 514 est
525 455 601 531 quod
630 455 705 515 liber
728 449 781 514 ‘De
806 449 904 514 exilio’
934 463 991 514 tam
1021 472 1108 531 saepe
1133 472 1200 512 cnm
1227 470 1303 512 com·

136 555 314 612 mentatione
338 547 556 630 ‘Detranqnill
578 547 635 611 an'
664 555 802 630 congruit
831 562 864 611 ut
887 561 988 612 nostro
1012 555 1077 611 inre
1101 551 1149 610 illa
1173 551 1303 628 disputa·

135 650 265 710 tinncula
295 653 339 710 uti
366 653 514 729 possimus
542 651 576 709 ad
607 669 638 709 ea
667 650 830 730 supplenda
859 669 934 729 qnae
959 669 994 710 ex
1018 649 1074 709 boc
1098 648 1173 709 libro
1196 647 1304 708 lucrati

136 766 246 808 snmus

225 846 273 905 Sic
306 850 404 906 statim
439 849 597 926 incapite
629 849 643 908 1
680 847 894 908 adumbrantur
927 848 1081 924 insinsiqne
1115 855 1305 925 exponuntur

135 945 254 1005 eaedem
286 947 449 1005 sententiae
478 963 551 1024 quas
581 941 632 1004 ‘De
657 945 805 1024 tranquill.
826 941 882 1006 an.’
906 943 1013 1005 auno.
1041 946 1220 1023 invenimus,
1254 943 1305 1003 nbi

135 1051 268 1102 vetamur
296 1045 457 1102 amicorum
481 1061 535 1102 nos
559 1042 772 1103 consolantium
798 1042 886 1102 verba
911 1042 1079 1120 neglegere,
1108 1059 1176 1101 cum
1200 1049 1306 1101 auctor

136 1142 191 1200 boc
221 1141 306 1200 modo
334 1141 472 1201 homines
499 1143 586 1200 nimis
614 1140 749 1218 lugentes
778 1142 915 1218 castiget:
944 1132 1027 1200 ‘odd’
1056 1133 1177 1217 ἑτέρων
1200 1142 1305 1218 παρα-

135 1236 328 1300 καλούντων
359 1233 600 1319 προσδέχονται
630 1235 743 1316 λόγον’
773 1236 829 1319 (sc.
854 1230 1009 1319 infelices).
1057 1237 1098 1298 C.
1128 1233 1180 1296 ‘De
1204 1232 1305 1296 exilio'

139 1334 246 1398 linit:
266 1332 343 1397 ‘adan
364 1336 473 1414 λόγων
492 1332 648 1416 ἀρίστους
665 1329 721 1396 καὶ
740 1332 973 1414 βεβαιοτάτους
991 1332 1101 1415 ὥσπερ
1115 1342 1182 1395 τῶν
1196 1335 1306 1416 φίλων

136 1428 241 1511 φασὶν
269 1425 354 1494 εἶναι
380 1433 459 1506 τοὺς
487 1429 523 1494 ἐν
550 1441 623 1506 ταῖς
650 1441 838 1513 συμφοραῖς
862 1432 1029 1511 παρόντας
1053 1428 1228 1512 ὠφελίμως
1251 1426 1306 1493 καὶ

135 1530 345 1611 βοηθοῦντας
465 1529 518 1592 δεῖ
548 1524 584 1593 δὲ
616 1528 790 1611 τὸνπαρά
817 1539 884 1592 τῶν
912 1531 1021 1611 φίλων
1049 1525 1104 1592 καὶ
1131 1537 1198 1591 τῶν
1227 1530 1307 1610 βοη-

135 1627 292 1690 θεόντων
315 1628 417 1707 λόγον
440 1629 648 1709 παρηγορίαν
672 1620 756 1690 εἶναι
780 1627 823 1709 μη
848 1628 1053 1709 συνηγορίαν
1077 1633 1136 1690 τοῦ
1161 1629 1307 1689 λυποῦν-

135 1722 244 1804 τοςῖδ)
282 1727 314 1786 ln
339 1730 382 1786 eis
402 1745 477 1805 quae
497 1738 665 1805 sequnntur
685 1731 852 1788 accuratius
872 1737 1027 1787 enarratur
1048 1745 1122 1807 qnae
1142 1729 1307 1786 amicorum

136 1825 353 1885 consolationes
381 1825 501 1885 inutiles
530 1827 601 1902 sint,
630 1827 770 1885 nimirum
800 1828 825 1885 si
852 1827 911 1884 sint
935 1820 1229 1901 ‘avvoauooovaov
1252 1817 1308 1884 καὶ

136 1920 476 2003 συνεπιθρηνούντων
509 1920 617 2003 ὥσπερ
645 1931 755 2003 χορῶν
782 1918 958 2003 τραγικῶν’
988 1941 1047 1982 non
1076 1918 1274 2002 ‘uoqoqotoi
1295 1959 1308 1967 -

136 2015 258 2100 μόνον’
287 2029 355 2102 etc,
383 2022 522 2099 quoniam
550 2024 684 2098 ineptum
713 2024 751 2095 sint
781 2017 860 2093 ’τοῖς
888 2017 1012 2095 ἔξωθεν
1040 2015 1309 2101 συναχθομένοις

135 2111 191 2178 καὶ
215 2123 503 2197 συναγανακτοῦσι
527 2115 740 2191 διδασκάλοις
763 2121 909 2199 χρῆσθαι
932 2125 988 2198 της
1011 2112 1169 2199 λύπηςῖῗ)

226 2217 256 2276 Si
285 2223 366 2277 recte
394 2234 483 2294 supra
513 2220 726 2277 sententiarum
751 2236 858 2276 nexum
883 2219 1083 2295 restituimus,
1111 2213 1211 2275 al'tinia
1238 2227 1309 2276 sunt

137 2315 208 2374 baec
237 2314 273 2374 de
301 2317 462 2374 amicorum
492 2315 743 2375 consolationibus
772 2315 883 2393 prolata
908 2317 951 2374 eis
975 2333 1050 2392 quae
1078 2310 1132 2372 ‘De
1156 2313 1309 2391 tranquill.

136 2409 194 2472 an'
222 2431 246 2472 c.
272 2410 311 2472 17
344 2422 547 2493 exponuntur,
582 2413 632 2473 tibi
660 2413 860 2472 remediorum
888 2412 1005 2472 illorum
1036 2419 1175 2489 quattuor
1203 2417 1310 2470 contra

138 2510 284 2571 loctunam
310 2528 455 2588 casusque
481 2510 596 2570 utilium
622 2513 675 2571 tria
697 2511 905 2588 indagavimus.
946 2510 992 2570 un
1010 2505 1063 2568 ‘lle
1084 2505 1309 2586 tranquillans

137 2628 161 2668 c.
183 2605 237 2686 17,
262 2605 390 2687 18,19,
421 2610 463 2667 sic
492 2611 580 2668 etiam
604 2606 657 2668 ‘ue
682 2604 779 2668 exilio’
809 2608 823 2668 1
854 2608 930 2668 redit
958 2626 1012 2666 vox
1042 2601 1093 2666 ‘ad
1120 2602 1310 2685 πράγματα’

136 2707 171 2766 ad
201 2716 338 2766 externas
366 2725 414 2766 res
443 2707 650 2782 significandas
679 2715 832 2786 usurpata,
861 2715 894 2766 ut
917 2705 958 2765 ibi
982 2706 1025 2764 sic
1049 2707 1136 2764 etiam
1161 2704 1217 2764 lroc
1242 2704 1310 2765 loco

137 2823 185 2864 res
214 2804 352 2864 adversae
381 2799 431 2863 ‘roi
459 2800 638 2883 άβοόῖητα’
666 2813 884 2880 nuncupantur.
917 2835 960 2844 -—
992 2799 1046 2860 ‘lle
1075 2801 1224 2880 tranquill.
1250 2797 1311 2862 an'

139 2901 178 2962 17
200 2904 263 2961 init.
296 2902 434 2980 legimus:
467 2897 515 2962 ‘ab
549 2897 697 2980 λυποῦν’,
731 2896 784 2959 ‘ne
808 2897 907 2960 exilio'
936 2900 995 2960 1.1.
1024 2896 1072 2960 ‘ab
1105 2896 1311 2962 λυπεῖσθαί.

137 2995 190 3059 ‘De
210 2997 359 3076 tranquill.
378 2993 435 3058 an'
460 2998 476 3058 l.
496 2999 513 3059 l.
537 3008 653 3059 exstant
677 2998 762 3058 baec:
786 2992 868 3058 ‘darei
967 2995 1006 3057 τά
1030 2990 1065 3057 δὲ
1090 2998 1226 3058 πλεῖστα
1250 2991 1312 3081 (sc.

137 3092 318 3178 άβούῖητα)
348 3090 428 3177 δόξῃ
452 3093 680 3176 δυσχεραίνειν
704 3090 883 3175 ἐθιζόμεθα
906 3089 961 3156 καὶ
984 3092 1216 3174 μανθάνομεν,
1248 3091 1312 3155 οὐκ

138 3190 302 3275 ἄχρηστόν
333 3189 400 3256 ἐστι
428 3191 510 3274 πρὸς
538 3200 639 3256 ταῦτα
667 3186 727 3273 μὲν
756 3192 843 3272 ἔχειν
871 3187 921 3254 olel
948 3189 985 3253 τὸ
1013 3198 1073 3253 τοῦ
1103 3188 1313 3270 Μενάνδρου

136 3291 327 3373 πρόχειρον·

137 3419 244 3473 tionem
268 3420 317 3487 sit,
341 3420 459 3488 accepit.
496 3419 534 3472 At
557 3417 707 3472 admodum
731 3417 817 3471 miror
837 3416 910 3485 quod
930 3415 1070 3470 Gieseckii
1090 3415 1162 3470 liber
1182 3417 1231 3484 qni
1251 3416 1313 3472 iam

137 3497 245 3567 pridem
271 3500 343 3552 hane
363 3499 505 3555 Plutarchi
530 3498 796 3567 disputatiunculam
820 3498 857 3550 ad
876 3494 991 3549 Bionem
1014 3494 1244 3562 Borysthenitam
1266 3514 1311 3551 re-

138 3578 209 3632 ferre
233 3579 350 3632 conatus
374 3586 418 3633 est
441 3579 589 3634 Weberum
614 3593 726 3646 prorsus
745 3577 830 3645 fugit3
855 3593 920 3629 nam
938 3574 1079 3644 permulto
1102 3591 1173 3643 quae
1193 3575 1248 3630 sibi
1267 3575 1312 3631 in-

138 3658 255 3726 dagasse
279 3656 390 3713 videtur
412 3659 470 3712 iam
489 3657 624 3711 Giesecke
648 3655 717 3710 satis
735 3655 892 3710 luculenter
911 3655 1046 3723 exposuit.
1081 3654 1219 3723 Equidem
1238 3655 1313 3711 haec

138 3738 173 3791 de
192 3737 277 3792 bione
300 3740 459 3793 commenta
477 3737 604 3807 accipere
623 3751 744 3804 nequeo,
768 3753 823 3803 qua
842 3734 877 3790 de
896 3752 926 3788 re
946 3734 1003 3788 alia
1023 3735 1168 3788 occasione
1187 3751 1232 3788 me
1252 3735 1311 3789 dis-

137 3819 299 3886 putaturum
315 3833 375 3872 esse
391 3834 480 3888 spero.
509 3817 591 3870 Haud
606 3831 697 3884 pauca
711 3815 738 3868 in
756 3815 851 3869 libello
868 3813 920 3868 ‘De
936 3813 1030 3868 exilio’
1047 3812 1142 3866 insunt
1157 3831 1230 3882 quae
1246 3832 1313 3870 oum

138 3897 259 3952 Musonii
278 3896 364 3951 Stoici
387 3894 514 3966 reliquiis
538 3897 690 3951 concinunt
712 3895 757 3961 (cf.
777 3894 925 3962 Giesecke,
948 3892 966 3945 l.
982 3894 999 3948 l.
1019 3911 1046 3962 p.
1062 3897 1180 3958 aa-563
1203 3893 1314 3949 Weber

137 3995 164 4047 p.
181 3983 209 4043 7,
229 3977 292 4032 adn.
307 3979 348 4046 ό),
372 3976 400 4028 id
424 3975 499 4044 quod
522 3976 605 4030 aliter
628 3974 768 4043 explicare
792 3991 847 4027 non
871 3989 997 4042 possum,
1023 3972 1077 4026 nisi
1096 3973 1171 4041 quod
1192 3975 1313 4044 liberque

139 4056 323 4127 philosophus
341 4055 603 4111 ratiocinationibus
623 4053 760 4108 similibus
779 4053 832 4108 illa
851 4055 944 4108 aetate
962 4053 1088 4122 pertritis
1108 4070 1173 4106 usus
1193 4055 1238 4110 sib.

231 4146 255 4202 1)
276 4136 446 4203 Quibuscum
465 4134 557 4190 verbis
572 4133 706 4189 Giesecke
724 4150 781 4188 non
797 4135 872 4188 recte
889 4132 941 4186 ‘De
956 4130 1099 4201 tranquill.
1115 4133 1171 4186 ια’
1190 4140 1213 4201 1,
1225 4135 1313 4189 466Α

125 4217 250 4278 συνίετε,
269 4232 336 4268 nam
355 4216 399 4269 ibi
415 4233 472 4271 non
496 4215 659 4290 ‘floridioris’
681 4213 731 4270 sed
750 4213 901 4287 “βιτοτικής’
924 4211 1063 4267 traditum
1080 4214 1133 4266 ost.

201 4293 234 4356 2)
250 4292 318 4346 Non
339 4298 487 4352 assentior
508 4296 661 4353 Gieseclrio
683 4295 721 4351 ad
736 4294 791 4350 ‘De
805 4297 922 4364 tranqn.
935 4291 990 4347 au?
1008 4297 1039 4357 t,
1052 4289 1132 4342 toan
1150 4290 1331 4357 resuscitantis,

85 4361 145 4416 ubi
160 4363 334 4428 Stoicorum
356 4375 394 4430 de
417 4376 627 4435 misericordia
648 4377 789 4434 doctrina
806 4375 912 4447 paneis
930 4369 1087 4441 ropetitur.
