2754 4656
538 235 668 298 --67
715 270 758 279 -

149 414 208 474 lam
243 423 428 477 transeamus
456 414 490 473 ad
520 412 628 493 ι.18,λ
654 413 705 474 uhi
734 431 842 472 novum
870 411 973 472 τόπον
1005 412 1147 472 illustrari
1175 414 1232 471 iam

60 531 150 590 supra
179 514 386 586 indicavimus,
415 530 473 589 quo
501 507 626 590 ἄφοβία
654 509 736 590 πρὸς
763 507 822 571 τὸν
849 506 999 570 θάνατον
1023 518 1056 569 ut
1079 511 1232 586 egregium

61 609 283 688 tranquillitatis
307 609 518 669 adminiculum
543 607 719 668 celebratur.
791 672 793 675 ,

151 706 232 776 Quae
256 707 510 767 considerationes
533 713 634 766 utrum
658 724 693 765 ex
718 705 821 765 eodem
842 713 930 783 atque
950 707 1084 782 priorum
1104 705 1233 782 capitum

58 806 147 882 longe
181 807 273 864 maior
305 823 374 882 pars
407 822 444 864 an
475 822 510 863 cx
539 803 595 863 alio
624 813 745 864 anctore
774 803 966 881 depromptae
995 804 1055 862 sint
1087 820 1146 861 non
1176 802 1233 860 nisi

61 905 235 981 quaestione
255 903 290 962 de
311 905 385 980 ipsis
402 901 554 962 Plutarchi
573 901 705 961 lontibus
724 903 868 979 instituta,
889 919 945 980 qua
966 900 1001 960 de
1022 918 1054 959 re
1074 901 1234 960 intricatis-

61 1003 134 1060 sima
161 1000 246 1059 nobis
270 1018 329 1059 non
353 1000 498 1078 agendum
523 1007 577 1078 est,
602 999 759 1059 diiudicari
782 1006 893 1080 potcst;
917 1017 984 1058 nam
1008 1016 1066 1057 nna
1090 997 1234 1076 composi-

61 1101 152 1158 tionis
175 1100 289 1158 ratione
312 1104 414 1157 arctus
433 1100 511 1157 inter
531 1117 555 1157 c.
572 1095 613 1159 18
634 1105 663 1156 ct
683 1116 716 1156 ea
736 1114 811 1176 quae
831 1096 1010 1156 antecedunt
1030 1113 1161 1155 conexus
1180 1113 1235 1154 nec

61 1198 228 1274 requiritur
251 1214 306 1255 nec
330 1197 492 1274 respuitur.

151 1296 188 1353 nt
211 1294 276 1353 vide
304 1293 383 1371 quod
407 1295 531 1372 iterum,
560 1294 674 1353 utiam
699 1299 783 1351 antea
808 1293 926 1369 saepius
951 1290 1052 1370 tiebat,
1076 1285 1093 1350 ὁ
1118 1286 1235 1368 φρόνι-

61 1411 124 1471 μος
149 1400 178 1450 et
201 1386 219 1451 ὁ
243 1385 383 1468 ἀνόητος
405 1392 485 1450 inter
508 1408 540 1450 se
563 1398 756 1469 opponuntur
779 1398 809 1450 et
832 1423 874 1431 —
897 1389 974 1448 haud
993 1388 1079 1447 aliter
1097 1396 1185 1464 atque
1205 1390 1234 1445 in

62 1490 159 1567 capite
192 1487 231 1550 tl
266 1522 302 1530 -
342 1490 465 1548 scientia
498 1498 528 1548 et
560 1497 676 1548 rectum
709 1488 744 1547 de
777 1490 872 1547 anima
906 1488 1049 1547 iudicium
1077 1483 1235 1544 Plutarcho

62 1605 211 1646 summum
245 1587 362 1647 videtur
395 1604 454 1664 quo
482 1604 550 1645 cum
578 1586 633 1645 alia
662 1582 754 1663 πάθη
784 1595 845 1645 tum
876 1587 981 1645 mortis
1010 1587 1098 1644 timor
1127 1583 1236 1642 exstin-

62 1693 179 1762 guatur,
204 1702 258 1743 nec
282 1683 478 1742 omittendum
503 1692 547 1743 est
572 1683 649 1761 qnod
675 1685 762 1743 etiarn
787 1685 816 1742 in
842 1685 937 1759 capite
959 1679 999 1742 18
1024 1682 1114 1739 certis
1139 1678 1236 1738 verbis

62 1782 228 1840 affirmatur
261 1780 334 1840 nihil
368 1798 492 1859 prorsus
524 1781 621 1840 valere
655 1780 802 1840 fortunam
836 1779 872 1838 ad
901 1781 1042 1855 sapientis
1070 1772 1237 1856 εὐθυμίαν

62 1877 309 1958 imminuendam,
342 1896 409 1937 cum
440 1877 552 1937 nullum
582 1877 704 1958 malum,
737 1896 774 1937 ne
802 1895 882 1935 mors
911 1875 1043 1954 quidem,
1073 1877 1100 1934 ei
1128 1892 1235 1934 nocere

60 1979 164 2057 possit.
214 1976 293 2036 Haec
321 1977 418 2035 omnia
448 1978 478 2035 in
506 1994 539 2035 ca
569 1993 643 2053 quae
672 1981 814 2035 anteeunt
842 1973 917 2033 bene
947 1973 1093 2051 quadrant
1121 1979 1151 2031 et
1178 1989 1236 2031 nna

62 2082 178 2134 tantum
208 2072 365 2133 difficultas
394 2081 499 2153 restat,
531 2073 609 2152 quod
638 2092 665 2151 p.
684 2071 782 2134 476C
811 2089 899 2131 versu
928 2069 1088 2149 Euripideo
1116 2063 1236 2151 (Bacch.

61 2169 142 2253 468)
167 2173 264 2231 denno
288 2189 370 2230 mors
392 2172 555 2231 voluntaria
576 2173 661 2249 quasi
680 2171 816 2231 ultimum
837 2169 984 2247 refugium
1004 2168 1237 2247 commendatur,

62 2288 151 2349 quarn
180 2272 356 2329 sententiam
387 2287 443 2329 una
472 2287 540 2329 cnm
565 2267 717 2346 Euripidis
747 2286 834 2328 versu
862 2301 898 2310 -
925 2268 970 2326 uti
998 2268 1028 2325 in
1057 2284 1081 2325 c.
1105 2262 1144 2324 17
1169 2283 1236 2325 cum

62 2367 245 2445 Asclepiadis
284 2366 419 2426 versibus
447 2401 488 2409 -
518 2365 594 2426 Plnt
623 2368 732 2426 iterum
766 2384 801 2425 ex
835 2364 1023 2425 collectaneis
1055 2365 1117 2422 suis
1149 2364 1238 2421 variis

61 2466 276 2526 commentario
301 2467 412 2543 quoin
437 2466 609 2524 universum
635 2466 730 2524 utitur
755 2481 812 2522 non
837 2463 908 2521 satis
932 2470 998 2539 apte
1022 2462 1157 2520 inseruit,

153 2561 186 2621 ln
214 2561 305 2621 altera
333 2563 439 2639 capitis
461 2559 500 2622 18
526 2569 609 2639 parte
633 2579 692 2620 non
716 2560 819 2620 dubito
844 2561 916 2637 quin
940 2557 1016 2619 Plut.
1040 2559 1138 2617 omnia
1162 2576 1237 2635 quae

62 2668 149 2720 antea
177 2667 355 2738 exposuerat
384 2659 429 2719 his
456 2658 555 2718 verbis
583 2658 829 2737 comprehendat:
858 2649 924 2716 ‘aad
952 2653 1003 2716 det
1031 2647 1135 2734 μηδὲν
1159 2650 1238 2715 ἀπο-

62 2755 262 2838 γιγνώσκειν
290 2746 368 2836 pqd'
395 2752 544 2817 ἀπιστεῖν
571 2763 638 2817 τῶν
667 2751 753 2816 οὕτω
778 2749 977 2833 λεγομένων
1003 2749 1114 2833 (4760
1139 2747 1238 2834 med).

63 2855 177 2916 Deinde
206 2857 345 2934 requirit,
375 2864 407 2914 ut
435 2854 570 2914 homines
599 2853 841 2932 tranquillitatem
868 2858 1042 2930 appetentes
1065 2851 1164 2910 divino
1188 2850 1238 2909 illo

64 2955 167 3013 lurore
195 2971 283 3031 quem
309 2951 413 3012 Graeci
442 2947 715 3031 ‘dadococoopdv'
745 2956 918 3029 nuncupant
944 2951 1058 3008 incitati
1080 2956 1238 3027 praecepta

63 3070 117 3112 sua
152 3060 314 3128 sequantur
348 3045 428 3129 (uer
449 3095 456 3110 .
476 3096 482 3109 .
503 3095 510 3110 .
534 3047 748 3129 θαυμάζοντα
780 3041 835 3108 καὶ
870 3047 1029 3126 ζηλοῦντα
1060 3040 1115 3107 καὶ
1147 3060 1238 3106 σνν-

63 3151 340 3210 ενθονσιῶντα
360 3153 478 3226 πεῖραν
494 3145 675 3227 λαμβάνειν
695 3139 838 3226 ἑαυτοῦ),
858 3145 999 3223 iubetque
1018 3147 1089 3204 istos
1105 3144 1239 3202 homines

63 3247 164 3306 divino
194 3245 319 3323 quodam
348 3243 469 3304 stimulo
497 3244 640 3323 impulsos
668 3246 797 3323 primum
827 3243 946 3321 quidem
970 3245 1000 3301 in
1024 3244 1122 3320 parvis
1147 3240 1237 3300 rebus

63 3344 231 3422 praeceptis
256 3361 331 3421 quae
355 3341 447 3401 edidit
471 3360 591 3420 operam
615 3342 699 3422 dare,
727 3349 760 3401 ut
784 3340 890 3400 deinde
914 3341 949 3399 ad
975 3343 1083 3400 maiora
1108 3347 1138 3399 et
1161 3339 1235 3398 dilli-

63 3441 166 3500 ciliora
190 3439 351 3499 ascendere
375 3441 497 3518 possint.

155 3537 214 3607 Qui
241 3532 485 3615 ἐνθουσιασμός
513 3540 583 3596 satis
611 3537 742 3597 breviter
766 3555 836 3597 sane
860 3535 1039 3614 illustratur,
1067 3537 1111 3595 uti
1135 3542 1237 3594 nostro

64 3639 131 3696 iure
161 3637 315 3712 cupiamus
344 3634 580 3694 Chaeronensem
609 3635 696 3713 paulo
725 3636 837 3696 diutins
864 3635 895 3693 in
923 3631 977 3691 hac
1006 3650 1038 3691 re
1066 3634 1237 3709 gravissima

66 3735 178 3794 morari
201 3733 419 3809 dilucidiusqne
443 3731 525 3791 illum
550 3731 784 3792 enthusiasmum
809 3729 987 3791 describere.
1031 3732 1165 3789 Attamen
1191 3728 1237 3787 his

65 3829 343 3891 ratiocinationibus
367 3831 459 3889 totius
479 3828 747 3906 disputatiunculae
766 3837 867 3906 aptum
887 3825 1040 3886 exordium
1060 3827 1238 3903 efficeretur,

66 3931 242 4007 praesertim
271 3946 338 3991 cum
368 3926 467 3986 verbis
495 3944 584 4004 snpra
613 3929 769 4004 exscriptis
797 3935 901 3986 auctor
928 3931 1030 3983 noster
1057 3926 1120 4001 ipse
1149 3921 1239 3982 libelli

65 4028 155 4086 finem
180 4027 347 4103 significare
371 4024 458 4083 etad
484 4023 614 4083 divinum
640 4024 771 4083 furorem
795 4026 891 4084 omnia
916 4022 1027 4081 relerre
1051 4021 1194 4081 videatur.

157 4125 194 4182 At
221 4125 277 4182 iam
306 4141 341 4182 ex
369 4124 521 4200 inopinato
550 4139 643 4180 novus
671 4124 775 4201 incipit
803 4118 1017 4180 sententiarum
1044 4117 1116 4177 ordo
1141 4117 1238 4177 verhis

66 4217 216 4282 ‘reomao
235 4217 297 4300 γὰρ
318 4215 459 4299 ἐμποιεῑ’
471 4226 535 4298 etc,
556 4220 606 4298 qui
621 4222 806 4298 apertissime
821 4237 889 4279 cnm
904 4236 928 4277 c.
943 4214 983 4277 16
999 4216 1151 4296 cohaeret3
1171 4234 1236 4274 nam

67 4319 140 4379 haec
174 4308 236 4377 lere
265 4325 366 4377 noster
395 4319 528 4394 exponit:
562 4315 671 4376 stultus
699 4317 787 4376 homo
816 4333 933 4394 semper
961 4315 1064 4374 haeret
1090 4317 1124 4372 'm
1150 4313 1245 4369 relius

916 4459 918 4461 ,
1007 4412 1044 4462 s*
