2754 4656
592 257 811 319 ..97-

201 441 240 501 At
270 439 362 500 multo
396 441 508 498 rectius
540 445 704 498 statuemus
735 457 837 498 omues
866 437 1010 498 eiusmodi
1038 436 1130 496 lihros
1160 436 1285 495 Chaero-

119 547 235 598 nensem
255 537 359 598 leviter
379 544 408 596 et
427 539 533 614 exigno
553 538 696 614 temporis
714 537 808 614 spatio
824 536 1046 614 conscripsisse,
1065 541 1099 594 ut
1114 535 1285 611 posteriori-

121 623 172 690 bus
189 633 372 714 temporibus
391 637 545 694 occasione
561 634 626 693 data
643 633 723 693 velut
739 635 860 693 materie
876 636 919 693 eis
934 636 1080 712 uteretur,
1099 640 1202 691 contra
1218 641 1285 710 post

125 727 181 790 cius
203 740 326 793 mortem
349 731 422 791 haec
446 731 608 809 fragmenta
634 731 669 790 ah
694 732 796 791 amicis
820 731 897 791 edita
922 749 997 791 esse.

580 1033 735 1106 OAPVT
763 1033 824 1106 IV.

393 1171 437 1236 De
460 1170 571 1236 libello
596 1169 683 1253 ‘neni
706 1172 818 1256 rdxus'
841 1170 1006 1253 inscripto.

206 1334 322 1397 initium
352 1337 493 1396 iaciamus
523 1354 537 1395 a
567 1337 812 1395 commentatione
841 1328 932 1410 ‘nepl
958 1330 1074 1415 τύχης’
1101 1328 1286 1423 mseripte1),

132 1446 197 1506 quae
218 1434 315 1495 libello
340 1452 427 1513 supra
453 1440 590 1493 enarrate
615 1451 685 1512 prae
709 1435 817 1493 ceteris
840 1431 936 1492 aitinis
960 1440 1013 1492 est.

203 1531 386 1611 Principium
409 1534 439 1591 in
463 1531 519 1590 hoc
544 1535 656 1609 scripto
675 1531 750 1591 Plut.
771 1533 845 1610 petit
868 1550 883 1589 a
908 1549 993 1590 versu
1015 1530 1141 1608 quodam
1162 1529 1285 1590 Chaere·

124 1630 216 1690 monis
239 1631 344 1708 tragici
368 1626 437 1711 (lrg.
453 1622 533 1709 2N2)
558 1632 608 1708 qui
633 1629 840 1689 contenderat:

297 1749 390 1834 ‘edm
414 1750 454 1812 τὰ
477 1755 615 1832 θνητῶν
638 1746 815 1832 πράγματ’,
839 1748 900 1813 οὐκ
923 1748 1105 1831 εὐβουλία’,

113 1891 203 1951 ‘tuam
222 1888 398 1948 sententiam
418 1888 635 1963 ineptissimam
655 1904 721 1945 esse
741 1885 815 1945 Plut.
835 1888 866 1945 in
886 1886 941 1945 hoo
962 1888 1073 1963 scripto
1093 1886 1287 1964 comprobare

108 1979 222 2045 studet
272 1986 310 2045 ht
343 1986 484 2043 miramur
517 1983 595 2062 quod
626 1985 721 2042 omnis
750 1983 835 2043 deest
862 1983 1018 2063 praefatio,
1052 2001 1228 2061 quamquam
1257 1987 1288 2044 in

103 2081 252 2162 uromptu
277 2090 324 2143 est
347 2091 482 2141 nostrum
508 2100 566 2141 non
591 2099 682 2141 unum
709 2083 737 2140 in
758 2081 838 2140 hunc
859 2099 976 2140 versum
997 2100 1028 2140 se
1048 2083 1212 2159 accingere,
1236 2081 1287 2141 sed

101 2161 136 2223 ⁵¹¹
171 2176 316 2240 hominem
343 2180 488 2258 quendam
513 2179 565 2257 qui
589 2197 656 2238 cum
682 2179 830 2257 probarat.
873 2177 967 2248 Quem
990 2178 1139 2238 hominem
1160 2198 1288 2256 quocum

98 2255 191 2335 Plut.
215 2277 392 2356 digladiatur
412 2276 650 2354 Theophrastum
670 2277 900 2353 Peripateticum
926 2295 991 2337 esse
1011 2275 1180 2337 Duemmler
1200 2269 1288 2359 (Aka-

96 2351 229 2436 demina
254 2394 284 2454 p.
303 2371 366 2436 201
381 2367 438 2456 sq.)
464 2375 581 2452 egregie
606 2374 834 2454 demonstravit,
862 2374 975 2433 collatis
1000 2373 1152 2434 Ciceronis
1176 2375 1288 2433 Tuscu-

93 2445 190 2529 lanis
209 2472 231 2530 V
250 2469 307 2554 25,
336 2472 415 2531 unde
439 2473 601 2549 accipimus
625 2471 862 2549 Theophrastum
888 2491 902 2530 a
927 2471 1084 2549 permultis
1105 2471 1289 2550 philosophis

93 2561 250 2630 vtbraium
274 2587 355 2650 esse,
384 2571 451 2647 quia
475 2571 504 2627 in
529 2567 707 2628 Callisthene
732 2588 785 2629 suo
809 2569 891 2628 illum
916 2587 1048 2648 versum,
1072 2587 1160 2646 quem
1184 2567 1288 2628 Cicero

89 2632 204 2728 'atine
223 2669 322 2746 vertit,
342 2666 501 2726 defendere
520 2674 643 2726 conatus
665 2661 783 2746 esset2),
804 2685 891 2743 quam
908 2665 1104 2744 Theophrasti
1124 2665 1288 2725 doctrinam

90 2738 231 2825 Stoicos
268 2764 460 2824 vehementer
492 2765 680 2843 impugnasse
714 2764 816 2824 Cicero
850 2763 969 2824 Tuscul.
995 2763 1033 2822 lll
1059 2760 1102 2823 22
1135 2762 1288 2824 nobiscum

89 2856 321 2923 eommunicet.
373 2862 454 2931 Quae
488 2880 555 2922 cum
584 2865 623 2921 ita
653 2864 725 2941 sint,
759 2871 839 2921 recte
868 2861 1037 2922 Duemmler
1065 2863 1194 2921 coniecit
1223 2861 1289 2921 Plu-

92 2947 249 3022 lercium
279 2959 365 3020 nohis
394 2978 528 3019 servasse
558 2959 649 3019 Stoici
679 2959 832 3020 cniusdam
862 2967 1033 3036 argumenta
1063 2967 1165 3018 contra
1194 2958 1288 3019 Theo·

94 3052 269 3119 Phrastum
290 3057 412 3136 prolata.
450 3056 544 3127 Quem
561 3056 693 3118 Stoicum
709 3057 876 3117 Aristonem
892 3056 997 3116 Chium
1013 3056 1105 3115 fuisse
1122 3056 1289 3117 lluemmler

92 3152 168 3219 hro
196 3166 280 3216 certo
307 3155 396 3214 hahet
425 3166 455 3214 et
479 3154 700 3214 Gieseelmll.
724 3152 890 3233 p.104sq.
921 3157 947 3212 ei
976 3153 1181 3232 adstipulatur.
1230 3154 1289 3214 Nec

95 3254 183 3315 vero
208 3254 285 3313 hanc
309 3255 511 3313 coniecturam
535 3253 594 3312 ullo
618 3252 706 3311 modo
729 3251 911 3330 prohabilem
931 3269 997 3309 esso
1018 3250 1089 3309 mihi
1109 3251 1289 3327 persuadere

94 3353 246 3431 Dossum,
270 3351 321 3412 sed
346 3351 374 3410 id
401 3359 515 3411 tantum
540 3359 675 3410 constare
700 3350 772 3408 mihi
796 3348 913 3408 videtur
934 3348 1033 3407 Stoam
1058 3348 1191 3407 redolere
1215 3349 1289 3408 hanc

98 3443 440 3530 eommenutionem³);
455 3467 633 3527 quamquam
649 3450 679 3506 in
694 3447 769 3506 hanc
785 3464 848 3505 rem
864 3447 1034 3505 accuratius
1049 3447 1200 3522 inquirere
1215 3465 1290 3524 opus

99 3556 174 3610 lion
200 3554 259 3627 est,
287 3565 354 3607 cum
379 3557 479 3606 nostra
504 3554 618 3606 tantum
642 3546 761 3605 intersit
785 3543 946 3621 explicare,
970 3543 1119 3620 quomodo
1143 3543 1190 3603 hic
1215 3543 1290 3603 liber

103 3646 276 3708 cohaereat
299 3663 366 3705 cum
391 3644 455 3704 aliis
480 3643 631 3703 Plutarchi
655 3644 783 3720 scriptis.

210 3801 233 3866 1)
252 3797 294 3850 De
313 3799 366 3852 hoc
386 3797 458 3851 libro
475 3796 608 3850 disseruit
622 3797 765 3863 Augustus
781 3793 921 3847 Schlemm
938 3792 990 3846 ‘De
1004 3792 1130 3846 fontibus
1146 3794 1290 3848 Plutarchi

111 3876 385 3934 commentationum
412 3877 464 3930 ‘De
484 3876 547 3930 aud.
566 3877 654 3943 poet'
683 3879 712 3928 et
735 3873 789 3926 ‘De
808 3873 941 3927 fortune).
979 3871 1045 3926 dise.
1065 3871 1190 3940 Gotting.
1213 3879 1289 3927 1893.

207 3961 234 4028 2)
254 3956 293 4012 Cf.
314 3956 405 4012 Zeller
423 3957 461 4024 Π,
476 3962 507 4023 2,
526 3974 553 4024 p.
568 3960 629 4008 857.

207 4040 233 4108 3)
259 4039 420 4092 Duemmler
446 4056 473 4106 p.
494 4041 546 4089 214
574 4033 720 4088 mirificem
748 4033 856 4102 profert
885 4031 1083 4101 suspicionem
1111 4032 1193 4099 putet
1216 4032 1288 4085 enim

119 4119 192 4188 apud
217 4117 359 4173 Ciceronis
387 4120 530 4171 auctorem
561 4115 646 4168 verba
674 4113 813 4167 exstitisse
839 4109 1010 4178 ’Ἀρίστωνος
1034 4111 1084 4164 τοῦ
1110 4107 1290 4179 φιλοσόφου’,

119 4215 188 4267 qnae
206 4199 294 4252 verba
308 4197 430 4251 Tullium
451 4197 546 4251 nescio
561 4211 615 4264 qno
630 4211 725 4248 errore
739 4195 888 4248 caecatum
898 4191 1023 4245 uertisse
1032 4191 1299 4252 immune-

111 4279 236 4346 oophoe'.
279 4279 379 4332 Nonne
405 4295 508 4334 revera
536 4276 733 4350 complurihns
757 4272 944 4347 philosophis
962 4266 1172 4336 Theophneshx
1192 4261 1333 4310 uschx'm

98 4354 253 4423 displicere
270 4357 390 4425 potnit?
427 4357 470 4415 Cf.
491 4361 584 4417 etiam
606 4359 762 4418 Schlemm
776 4359 802 4417 i.
813 4359 840 4412 l.
857 4376 890 4428 p.
904 4361 955 4410 hh.

146 4449 366 4496 Commentationes
380 4459 507 4503 lonenses.
539 4465 585 4507 VI.
1129 4436 1152 4481 ἢ
