2754 4656
564 227 850 304 —112-J

185 409 289 470 Totius
313 409 381 467 libri
405 408 493 468 cardo
518 409 547 466 in
572 426 607 466 eo
632 416 766 467 versatur
792 407 869 485 quod
895 409 1107 487 comprobatur
1131 409 1268 468 sufficere

97 510 199 567 vitium
220 507 254 566 ad
276 506 410 566 liomines
430 505 563 565 infelices
583 504 763 585 reddendos3
784 524 881 565 nonne
901 506 1002 565 eadem
1022 510 1169 567 sententia
1184 525 1271 566 accu-

97 607 190 665 ratius
214 603 408 664 adumbratur
428 599 481 663 ‘lle
500 605 567 663 virt.
587 611 617 663 et
636 597 697 662 vit.'
717 621 741 662 c.
757 600 787 684 2,
811 603 862 662 ubi
882 602 958 664 Plut.
978 607 1065 664 etiam
1086 607 1270 665 corrtrarium

97 704 281 763 demonstrat
309 702 343 761 ad
373 720 472 761 veram
498 701 709 761 beatitudinem
734 697 808 758 nibil
832 700 917 759 nobis
941 719 1016 779 opus
1040 720 1105 762 esse
1131 704 1190 762 nisi
1215 705 1271 761 rir-

97 798 213 863 tutem?
254 799 333 859 ldem
359 800 517 877 profitetur
536 794 589 858 ‘De
609 795 757 875 tranquill.
777 792 835 856 an?
860 816 884 857 c.
902 795 942 859 19
968 817 1100 860 necnon
1121 795 1272 860 ‘Animine

97 919 133 960 an
154 900 288 976 corporis
307 893 375 958 etc.'
395 896 412 958 l.
429 896 447 958 l.
472 896 557 956 nobis
581 895 761 974 persuadere
787 896 847 956 vult
870 899 967 975 ipsum
992 900 1121 958 animum
1145 897 1272 958 intelici-

97 999 165 1058 tatis
195 1015 264 1056 suae
293 998 409 1055 unicam
439 1013 504 1054 esse
533 1012 659 1053 calisam.
707 994 788 1064 Quae
817 1014 884 1054 cum
914 998 953 1055 ita
981 998 1053 1077 sint,
1082 998 1273 1075 comprobari

98 1097 201 1173 nequit
234 1095 312 1154 bunc
340 1092 449 1152 librum
477 1091 635 1151 Plutarcho
664 1095 849 1171 suppositum
878 1112 958 1174 esse;
991 1097 1080 1154 immo
1109 1114 1176 1172 curn
1207 1096 1273 1155 aliis

97 1195 218 1270 scriptis
240 1210 315 1269 quae
335 1209 423 1268 supra
444 1191 624 1268 perscrutati
643 1208 746 1250 sumus
765 1192 931 1250 arctissimo
952 1191 999 1251 nto
1019 1195 1198 1253 coniunctus
1219 1202 1272 1252 est.

97 1290 135 1349 m
157 1288 272 1349 Tantali
299 1287 480 1367 exemplum,
511 1305 637 1363 quocum
662 1287 749 1346 bomo
773 1291 823 1366 qui
848 1290 937 1348 nimia
962 1291 1122 1368 cupiditate
1148 1301 1273 1350 vexatus

96 1387 174 1447 nulla
195 1406 227 1446 re
247 1386 306 1446 frui
325 1395 423 1464 potest
443 1384 603 1463 consertor,
627 1384 748 1444 Bionem
768 1385 899 1445 indicare
920 1386 1030 1446 Hensio
1053 1388 1177 1466 videtur,
1203 1391 1272 1466 qiria
1293 1388 1299 1397 ’

96 1487 183 1545 etiam
200 1484 295 1565 Teles,
315 1483 415 1543 Bionis
430 1482 551 1560 assecla,
570 1500 598 1559 p.
614 1479 665 1562 25,
680 1479 700 1542 b
721 1475 781 1564 (ed.
793 1476 905 1566 Hense)
922 1485 1010 1544 simili
1025 1487 1139 1545 ratione
1155 1484 1271 1545 Tantali

97 1583 230 1662 exemplo
255 1573 398 1663 utatur.¹)
422 1613 464 1622 -
489 1579 543 1640 Cui
567 1583 755 1640 coniecturae
780 1580 955 1658 adstipulari
979 1601 1039 1642 non
1062 1602 1184 1661 possum
1207 1602 1271 1642 earn

97 1683 221 1740 maxime
260 1679 298 1739 ob
335 1697 452 1739 causam
487 1679 564 1756 qitod
593 1678 669 1737 Plut.
698 1678 819 1738 Tantalo
852 1673 1074 1762 ‘toxotium'
1108 1681 1273 1759 opprobrio

96 1780 199 1858 vertit3
227 1779 330 1837 intima
359 1785 457 1837 autem
481 1775 634 1835 Plutarchi
663 1795 698 1835 ex
726 1779 871 1836 sententia
901 1781 1007 1858 otium,
1036 1779 1114 1857 quod
1144 1774 1273 1859 ‘oportit’

98 1875 142 1935 vel
166 1870 323 1955 ‘despair'
350 1875 393 1934 vel
415 1868 565 1953 ‘patrino'
587 1882 746 1955 illiricupat,
771 1874 805 1934 ad
826 1874 939 1934 beatam
961 1878 1047 1935 vitam
1068 1879 1273 1936 necessarium

97 1981 142 2034 est
170 1966 222 2055 (cl.
247 1969 299 2032 ‘De
323 1971 473 2051 tranquill.
492 1966 550 2031 au'
570 1970 604 2052 63
636 1967 689 2031 ‘lle
709 1967 809 2031 exilio’
834 1974 973 2052 sparsim;
1002 1968 1055 2032 ‘De
1075 1976 1141 2033 virt.
1163 1984 1192 2034 et
1212 1969 1275 2034 vit.'

97 2069 132 2151 33
156 2067 304 2130 ‘dniminc
325 2089 360 2130 an
381 2064 527 2148 corporis'
548 2063 592 2153 3),
619 2072 661 2129 nti
685 2071 749 2129 sine
774 2088 808 2128 eo
833 2069 914 2129 nullo
937 2070 1013 2129 bono
1034 2071 1094 2130 frui
1113 2075 1275 2150 possimus,

97 2180 127 2228 et
155 2168 291 2228 similiter
321 2178 409 2247 atque
438 2168 494 2226 boc
524 2167 586 2227 loco
616 2169 703 2226 ctiam
728 2163 781 2227 ‘be
801 2169 869 2227 virt.
888 2176 918 2228 et
937 2163 998 2227 vit.'
1023 2167 1086 2228 c.4
1112 2173 1275 2247 exponitur

97 2267 214 2326 divitias
244 2285 310 2325 cnm
341 2261 569 2348 ‘dalmatio’
598 2267 771 2326 corrinnctas
794 2265 916 2325 inutiles
940 2284 1014 2326 esse.
1062 2266 1147 2336 Quod
1172 2279 1274 2327 autem

97 2363 313 2423 Chaeronensis
337 2364 412 2423 banc
436 2366 613 2423 sententiam
633 2361 748 2422 Tantali
773 2363 907 2442 exemplo
931 2362 1059 2423 illustrat
1083 2384 1140 2424 non
1164 2369 1274 2426 mirum

97 2469 156 2542 est3
189 2480 254 2520 nam
284 2461 439 2521 Tantalum
468 2461 588 2520 Graecis
621 2479 692 2538 prae
726 2463 834 2520 ceteris
862 2463 1012 2539 specimen
1044 2462 1135 2522 luisse
1165 2465 1275 2523 nimiae

98 2559 268 2638 cupiditatis
294 2562 364 2618 satis
388 2568 491 2619 notum
512 2567 566 2639 est,
589 2567 623 2617 ut
643 2556 778 2618 lacillime
798 2559 873 2618 Plut.
893 2561 956 2636 ipse
977 2561 1008 2618 in
1028 2560 1082 2619 boc
1102 2561 1274 2638 exemplum

97 2657 229 2716 incidere
255 2659 386 2735 potuerit
410 2676 464 2717 nec
489 2675 564 2734 opus
588 2657 614 2714 ei
640 2657 729 2715 luerit
753 2656 870 2735 Cynicis
894 2652 1104 2741 auctoribus.2)

188 2753 330 2832 Sequitur
363 2754 515 2813 historiola
550 2753 586 2812 de
621 2752 757 2831 Sicyonio
783 2753 840 2813 >illo
873 2753 1030 2814 Homerico
1059 2753 1199 2836 (bitot
1214 2751 1275 2839 sq.)

99 2860 234 2911 enarrata
259 2855 310 2930 qui
334 2843 546 2930 Agamemnoni
570 2869 674 2928 equam
700 2851 777 2910 dono
802 2850 897 2925 dabat,
922 2861 955 2911 nt
979 2852 1054 2912 bello
1079 2853 1154 2912 liber
1178 2854 1276 2932 lieret,

100 2968 186 3028 cluam
214 2949 466 3009 narratiunculam
493 2949 589 3007 llense
613 2951 721 3008 iterum
747 2949 781 3008 ad
805 2949 927 3010 Rionem
952 2950 1057 3031 relert,
1086 2953 1195 3029 quippe
1223 2956 1276 3030 qni

99 3049 218 3126 saepius
247 3046 367 3107 llomeri
401 3065 505 3106 versus
538 3040 822 3130 accersivcrit.(!).³)
872 3049 908 3108 m
936 3051 1023 3109 etiam
1053 3048 1108 3108 boc
1136 3049 1276 3127 exemplo

99 3144 173 3206 Plnt.
198 3145 271 3204 nibil
296 3146 352 3204 nisi
376 3141 569 3224 εὐπορίαν
594 3164 646 3204 scu
669 3144 791 3225 σχολὴν
810 3143 938 3205 ἄλυπον
958 3145 1151 3224 comprobare
1172 3148 1277 3206 studet

97 3237 148 3324 (cl.
174 3245 261 3303 etiam
286 3238 339 3302 ‘lle
360 3239 459 3303 exilio’
479 3241 508 3322 3,
528 3240 641 3323 600A,
668 3243 717 3302 ubi
743 3262 797 3302 rox
823 3238 1020 3322 ‘adoinoia'
1045 3254 1219 3323 usurpatur,
1246 3254 1276 3304 et

98 3336 151 3399 ‘lle
172 3339 322 3419 tranquill.
342 3336 399 3401 an.’
425 3361 449 3400 c.
470 3338 521 3420 14,
540 3338 662 3421 4731)).

188 3438 219 3497 ln
240 3441 283 3498 eis
302 3458 377 3516 quiae
398 3445 565 3517 sequuntur
584 3447 688 3498 auctor
709 3448 810 3498 noster
827 3440 1011 3499 demonstrat
1025 3440 1189 3517 permultos
1205 3460 1273 3501 esse

99 3536 234 3595 homines
268 3539 319 3614 utri
352 3555 507 3616 perperam
541 3537 662 3596 credant
696 3556 764 3596 enm
798 3546 910 3596 tantum
944 3555 1009 3596 esse
1039 3532 1189 3598 ‘illector'
1221 3543 1273 3617 qui

191 3770 216 3838 1)
235 3768 275 3825 Cf.
290 3769 399 3825 Horatii
416 3771 474 3824 Sat.
484 3771 496 3822 I
507 3775 531 3839 1,
543 3777 584 3826 68.
609 3770 722 3838 Hamae,
739 3771 778 3823 De
792 3769 911 3825 Horatio
923 3769 1017 3824 Bionis
1031 3771 1174 3826 imitatore
1190 3792 1215 3842 p.
1229 3780 1273 3829 20.

190 3855 216 3919 2)
235 3848 371 3904 Giesecke
390 3868 416 3919 p.
433 3857 467 3904 ‘14
491 3853 586 3905 censet
607 3851 766 3906 Aristonem
787 3851 884 3905 Chium
909 3868 977 3919 prae
1002 3851 1102 3905 ceteris
1121 3851 1272 3907 Tantalum

100 3933 259 3996 adamasse,
277 3946 333 3984 non
353 3930 483 3999 Bionem,
502 3935 534 3982 ut
552 3931 655 3984 Heinze
675 3935 704 3984 et
723 3931 813 3985 Hense
833 3935 940 4000 putant.

189 4017 216 4079 3)
236 4010 285 4063 Bio
308 4025 364 4064 non
389 4008 510 4078 solebat,
536 4012 569 4064 ut
590 4011 663 4063 Plut.
684 4012 702 4065 l.
717 4011 735 4064 l.
755 4010 838 4077 lacit,
863 4012 1012 4064 Homerum
1037 4010 1135 4065 afferre
1159 4013 1272 4068 tantum

99 4091 134 4144 ad
160 4107 224 4143 suas
248 4089 401 4144 sententias
426 4090 660 4158 comprobandam
687 4091 735 4144 sed
758 4107 841 4159 quam
861 4089 983 4144 maxime
1002 4090 1111 4144 facetiis
1131 4093 1187 4146 suis
1207 4110 1275 4148 eum

98 4170 194 4225 illusit
229 4169 269 4223 Οἵ,
287 4169 379 4224 Schol.
395 4169 432 4224 ad
446 4169 543 4225 Horat.
560 4169 616 4224 sat.
631 4169 656 4222 Il
671 4177 696 4239 2,
712 4177 753 4226 60.
787 4170 982 4238 Wacbsmutb‚
1003 4171 1176 4240 Sillographi
1190 4192 1217 4242 p.
1231 4181 1272 4229 ii.

99 4253 182 4305 Henr.
198 4251 309 4316 Weber,
328 4248 346 4304 1.
361 4248 379 4305 l.
399 4271 425 4319 p.
440 4255 473 4303 27
486 4267 526 4319 sq.
548 4283 579 4289 —
600 4249 703 4303 Eodem
724 4248 848 4317 Sicyonii
867 4251 995 4320 exemplo
1014 4250 1090 4306 Plut.
1110 4252 1195 4305 etiam
1219 4254 1272 4308 ‘De

81 4331 163 4411 poet
177 4329 379 4383 and'121'nr't.
404 4328 499 4384 utitur.
1111 4353 1112 4356 ’
