2754 4656
609 229 827 293 ...60-

134 409 282 487 capitibus
306 406 325 470 8
346 406 414 469 et9
444 443 485 452 -—
513 417 565 491 aret
594 443 636 451 —
664 409 694 469 id
722 409 800 489 quod
830 410 924 471 solum
954 411 1049 471 iustus
1077 412 1234 489 exponitur
1264 443 1305 450 -

133 526 192 567 non
221 507 256 567 ad
286 510 456 585 superiores
486 506 669 592 beatioresne
694 509 844 587 respicere
869 507 919 568 sed
944 508 980 568 ad
1005 527 1055 569 eos
1080 510 1131 587 qui
1155 507 1240 567 nobis
1263 509 1308 566 in-

136 606 284 665 feliciores
308 613 337 665 et
360 605 517 665 inferiores
542 603 619 667 sunt.

222 703 377 782 Spinosius
396 702 505 762 Heinze
529 704 647 782 iterum,
672 704 746 765 duras
770 712 869 782 partes
888 703 966 766 haud
986 707 1026 764 ita
1045 712 1112 782 apte
1132 705 1308 764 coniunctas

134 812 165 862 ut
190 804 325 879 seiungat
349 818 468 878 operam
492 800 542 860 dat
565 800 611 860 his
635 801 747 862 verbis:
771 799 816 861 ‘ln
839 821 864 864 c.
881 801 922 863 10
941 802 1057 863 bezieht
1076 802 1139 861 siclt
1159 802 1206 861 die
1226 808 1309 861 erste

133 898 330 977 Schilderung
358 898 411 958 aul
434 898 848 980 griechisch-orientalische‚
877 897 923 958 die
951 901 1055 958 aweite
1083 899 1135 967 aul
1157 897 1309 958 romische

132 997 347 1077 Verhailtnisse3
380 996 461 1056 dlese
494 998 534 1056 ist
567 996 628 1056 also
660 997 738 1056 wohl
765 997 904 1058 Plutarch
933 995 1025 1056 selbst
1053 992 1310 1056 zuzuschreiben.’

132 1095 211 1156 Haec
239 1094 465 1172 argumentandi
494 1096 568 1154 ratio
597 1097 668 1154 satis
692 1094 805 1155 lubrica
829 1103 888 1176 est3
912 1094 1027 1154 accedit
1055 1094 1133 1172 quod
1158 1097 1187 1152 in
1212 1095 1310 1173 prima

133 1211 251 1272 quoque
283 1201 367 1271 parte
395 1191 471 1252 Plut.
503 1198 571 1270 post
600 1191 768 1253 Archilochi
800 1211 905 1253 versus
933 1191 1104 1270 Bithynium
1136 1191 1194 1251 sibi
1222 1192 1311 1268 lingit

131 1288 259 1370 aliquem
293 1291 345 1369 qui
376 1290 514 1368 queritur
547 1290 625 1369 quod
659 1309 714 1351 nec
743 1285 856 1371 ‘popei
880 1285 1084 1370 nuvoeuiovg’
1114 1308 1168 1350 nec
1197 1286 1310 1368 ‘orpo-

131 1395 227 1468 τηγεῖ
246 1380 441 1468 ‘Populon'3
470 1394 572 1448 contra
600 1390 630 1448 in
660 1388 751 1450 altera
780 1397 863 1467 parte
892 1391 917 1448 is
947 1389 997 1467 qui
1025 1405 1111 1465 aegre
1140 1388 1198 1448 lert
1227 1387 1309 1466 quod

132 1505 191 1546 non
224 1485 384 1566 proconsul
416 1493 628 1564 procuratorve
661 1495 707 1547 est
736 1487 851 1548 Socrati
884 1488 1060 1565 opponitur3
1093 1504 1147 1545 nec
1180 1488 1211 1550 in
1242 1487 1310 1546 uni·

131 1603 250 1645 versum
278 1582 431 1663 intellego,
460 1601 533 1662 quas
561 1582 598 1643 ob
626 1602 729 1645 causas
754 1582 864 1644 Heinze
890 1593 978 1660 neget
1001 1583 1193 1643 Plutarchum
1218 1585 1309 1644 etiam

131 1701 163 1742 ea
197 1680 328 1759 exempla
363 1699 437 1759 quae
471 1681 505 1740 ad
536 1681 688 1742 Graeciam
719 1691 750 1742 et
777 1682 813 1742 ad
841 1682 994 1742 Orientem
1023 1688 1158 1760 spectant
1186 1699 1222 1741 ex
1251 1699 1308 1741 sno

131 1780 255 1840 arbitrio
279 1780 394 1839 auctori
419 1797 473 1838 suo
496 1780 630 1839 inserere
654 1782 796 1859 potuisse.

220 1876 272 1937 Eis
300 1886 412 1956 autem,
441 1879 532 1936 utin
560 1876 629 1937 libri
657 1877 743 1938 nobis
771 1879 916 1958 propositi
942 1877 1116 1955 argumento
1140 1877 1309 1937 enarrando

133 1994 267 2054 pergam,
291 1976 342 2052 qui
365 1974 463 2034 lacere
487 1992 547 2034 non
571 1985 696 2053 possunt
720 1977 792 2054 quin
816 1975 940 2035 aliorum
965 1975 1118 2035 hominum
1142 1974 1309 2035 commodis

132 2074 282 2133 invideant
302 2070 518 2132 Chaeronensis
542 2073 647 2133 suadet
671 2075 702 2132 in
727 2075 822 2152 capite
844 2070 894 2152 11,
920 2075 963 2133 uti
987 2091 1088 2133 eorum
1109 2091 1184 2151 quos
1204 2072 1308 2133 beatos

132 2173 246 2233 ducunt
273 2189 333 2230 non
362 2169 457 2231 solum
485 2188 534 2230 res
563 2170 709 2231 secundas
733 2170 785 2231 sed
809 2173 898 2232 etiam
922 2169 1101 2250 multiplices
1124 2170 1309 2242 calamitates

133 2289 201 2331 cum
224 2269 311 2329 bonis
335 2286 452 2347 semper
476 2268 538 2328 lere
562 2269 736 2328 coniunctas
757 2268 998 2350 animadvertant,
1022 2287 1059 2328 ne
1080 2287 1132 2328 sua
1152 2268 1308 2329 commoda

132 2386 199 2428 cum
223 2366 342 2427 illorum
366 2373 534 2444 comparata
557 2367 637 2426 iusto
661 2368 785 2426 minoris
804 2367 912 2426 iaciant
932 2369 1082 2427 momenti.
1107 2400 1149 2408 —
1173 2365 1307 2427 Eandem

132 2466 218 2545 plane
247 2465 425 2524 sententiam
454 2463 529 2524 Plut.
559 2465 646 2523 etiam
676 2466 706 2523 in
735 2466 840 2544 capitis
868 2467 945 2524 sexti
972 2463 1063 2524 altera
1091 2474 1188 2543 parte,
1218 2483 1307 2544 quam

132 2563 278 2622 diversam
311 2579 376 2620 esse
409 2560 445 2620 ab
478 2561 722 2622 antecedentibus
755 2580 844 2641 supra
878 2562 1145 2623 demonstravimus
1178 2562 1306 2623 delinea-

131 2668 222 2720 verat.
246 2693 288 2701 —
314 2655 395 2730 Quae
424 2678 490 2720 cum
518 2662 560 2720 ita
583 2662 656 2740 sint,
684 2677 743 2719 non
767 2678 860 2720 unum
884 2661 1129 2721 commentarium
1154 2660 1206 2720 sed
1232 2661 1307 2720 dnos

131 2775 258 2837 quorum
278 2764 404 2835 uterque
424 2759 588 2817 sententias
607 2756 821 2818 exhibebat-
837 2776 872 2817 ex
889 2777 947 2818 uno
963 2758 1038 2818 lorte
1054 2757 1130 2817 libro
1148 2776 1306 2836 expressas

131 2855 182 2915 sed
211 2873 226 2914 a
251 2853 408 2915 Plutarcho
436 2856 466 2913 in
496 2854 614 2914 schedis
638 2856 700 2914 suis
724 2873 859 2915 seorsum
884 2863 1013 2915 servatas
1037 2864 1066 2915 et
1090 2854 1240 2915 adhibitas
1263 2888 1306 2896 —-

131 2955 209 3012 inter
241 2969 273 3011 se
306 2953 377 3011 satis
410 2951 513 3011 affines
546 2959 698 3012 auctorem
729 2960 864 3012 nostrum
892 2954 923 3012 in
952 2970 1034 3012 suam
1064 2952 1305 3031 dissertationem

131 3049 319 3110 transtulisse
343 3051 544 3109 necessarium
569 3049 696 3110 videtur.

219 3146 280 3206 lam
309 3164 344 3206 ex
372 3148 416 3206 eis
439 3165 514 3226 quae
539 3149 730 3227 exposuimus
754 3149 825 3207 satis
849 3147 947 3208 elucet
970 3150 1065 3226 capita
1089 3146 1197 3209 8—11
1224 3159 1305 3210 arcte

131 3249 210 3306 inter
237 3263 269 3304 se
298 3242 472 3324 cohaerere,
500 3254 530 3305 et
555 3245 628 3306 haec
651 3246 713 3306 lere
738 3264 841 3305 eorum
866 3263 979 3305 summa
1004 3254 1061 3306 est:
1089 3248 1223 3323 recogita
1246 3265 1305 3307 non

131 3343 256 3403 aliorum
284 3341 336 3402 sed
364 3351 444 3402 tuam
468 3342 630 3421 fortunam3
659 3362 726 3403 nam
750 3345 778 3403 ei
802 3346 852 3421 qui
876 3352 905 3403 te
930 3361 1071 3421 superare
1094 3343 1237 3404 videntur
1260 3363 1305 3405 re·

132 3459 201 3500 sera
220 3442 249 3500 in
270 3440 408 3517 pessimis
428 3443 610 3500 versantur
603 3458 633 3499 m
635 3441 781 3501 fortuniis
815 3440 873 3511 Qui
893 3443 1106 3501 sententiarum
1127 3460 1223 3502 nexus
1238 3461 1305 3504 cum

132 3535 281 3616 capitis6
310 3539 410 3616 priore
438 3546 522 3617 parte
551 3538 776 3617 coniungendus
805 3548 862 3619 est3
891 3541 996 3617 capitis
1020 3536 1040 3599 6
1067 3538 1157 3599 altera
1181 3559 1254 3658 pars
1277 3553 1306 3602 et

131 3655 156 3696 c.
177 3633 195 3696 7
221 3644 324 3696 contra
349 3634 466 3695 aliunde
490 3637 605 3696 intrusa
630 3644 708 3696 sunt

220 3732 254 3792 ln
278 3731 425 3811 capitibus
446 3729 487 3793 12
512 3742 539 3794 et
562 3732 602 3795 13
626 3753 728 3794 novae
743 3737 937 3812 cogitationes
960 3735 1155 3812 proferuntur
1178 3739 1305 3815 petitur·

132 3850 190 3910 qne
214 3830 340 3891 similem
365 3832 395 3889 in
420 3831 540 3890 modum
564 3838 652 3910 atque
676 3851 700 3893 c.
722 3830 841 3913 timed,
866 3851 890 3893 c.
906 3832 926 3894 8
941 3835 1013 3912 init,
1038 3851 1062 3892 c.
1080 3830 1120 3893 10
1135 3835 1200 3895 init.
1225 3838 1304 3915 prin·

133 3931 244 4008 cipium
268 3946 284 3987 a
307 3927 406 3987 verbis
430 3922 503 4009 ὀὐχ
523 3925 640 4007 ἥκιστα
658 3928 775 3991 τοίνυν
793 3927 961 4010 εὐθυμίαν
980 3926 1136 4011 κολούει’,
1161 3939 1194 3994 ut
1214 3936 1302 4012 signi·

131 4027 238 4087 licetur
262 4034 414 4086 auctorem
439 4025 473 4085 ad
498 4044 602 4087 noram
626 4045 657 4088 se
682 4035 855 4089 convertere
879 4031 1065 4089 sententiam.

221 4122 349 4200 Exponit
382 4126 460 4183 enim
488 4123 565 4186 Plut.
598 4127 732 4204 ineptum
765 4145 830 4186 esse
864 4134 894 4187 et
925 4127 1107 4205 permultum
1140 4127 1240 4191 valere
1267 4129 1300 4191 ad

107 4217 209 4272 animi
228 4220 377 4297 tranquill
376 4224 480 4283 itatem
499 4222 749 4308 perturbandam,
770 4226 797 4285 si
813 4243 864 4286 res
882 4227 1049 4304 appetimus
1067 4227 1194 4286 maiores
1215 4246 1301 4306 quam

84 4305 184 4364 nobis
218 4319 405 4395 contingere
440 4321 517 4384 licet
552 4333 584 4385 et
620 4327 651 4386 in
689 4323 908 4408 qualicumque
939 4341 974 4383 re
1006 4340 1078 4382 oum
1099 4322 1231 4382 maxima
1251 4333 1318 4385 tunt
