2754 4656
563 249 783 313 ,56-

89 433 183 492 thleos
212 432 367 509 Sarapioni
395 431 518 509 aliisque
547 431 650 490 amicis
677 429 801 489 Athenis
830 430 1016 490 versantibus
1045 433 1154 511 mittat3
1188 431 1260 490 dicit

89 532 181 590 enim:
210 526 304 610 ‘nobe
332 522 368 590 σὲ
397 574 430 589 ..
458 535 526 588 τῶν
549 528 714 588 Πυθικῶν
742 525 852 606 λόγων
877 572 905 587 ..
930 524 1040 601 ἐνίους
1066 526 1175 608 ὥσπερ
1199 523 1260 588 ἀπ-

90 626 191 710 αρχὰς
218 621 444 704 ἀποστέλλων,
475 617 626 705 ὁμολογῶ
653 621 846 705 προσδοκᾶν
874 618 1005 705 ἑτέρους
1030 620 1084 686 καὶ
1106 625 1263 698 πλείονας

89 720 143 786 καὶ
166 723 338 804 βελτίονας
360 715 436 802 παρ’
459 719 569 803 ὑμῶν,
593 719 648 783 ἅτε
673 718 713 800 δὴ
737 716 792 783 καὶ
815 721 910 784 πόλει
932 717 1112 803 χρωμένων
1136 720 1262 803 μεγάλῃ

90 818 144 884 καὶ
177 823 296 902 σχολῆς
329 822 456 900 μᾶλλον
487 816 523 880 ἐν
556 818 729 899 βιβλίοις
762 820 924 891 πολλοῖς
952 814 1006 880 καὶ
1034 817 1263 892 παντοδαπαῖς

90 919 275 1000 διατριβαῖς
298 913 553 996 εὐπορούντων.
594 918 631 978 tt
654 935 691 976 ne
715 916 787 977 haee
812 917 930 995 quidem
956 917 1043 977 verba
1067 918 1193 977 multum
1216 936 1263 976 va-

89 1019 164 1099 lent,
193 1017 245 1078 sed
269 1018 418 1094 specimen
442 1017 543 1093 potius
566 1023 636 1074 sunt
660 1013 812 1075 Plutarchi
835 1015 1010 1105 modestiae,
1034 1034 1100 1074 uam
1124 1015 1179 1075 hos
1203 1015 1263 1074 dia·

90 1118 171 1199 logos
200 1115 332 1176 doctrina
361 1112 519 1173 admodum
546 1112 646 1173 subtili
671 1111 843 1190 splendidos
868 1112 1058 1172 nullomodo
1083 1131 1262 1192 componere

90 1222 220 1293 poterat,
243 1213 301 1271 nisi
323 1210 409 1270 multi
433 1209 502 1269 libri
526 1211 553 1269 ei
577 1219 695 1289 praesto
720 1219 812 1270 erant.

178 1310 258 1381 Quae
282 1303 351 1369 cum
374 1309 414 1368 ita
439 1309 507 1389 sint,
530 1309 639 1368 iterum
663 1308 729 1368 luce
754 1317 799 1368 est
822 1308 931 1368 elarius
955 1309 1090 1369 homines
1110 1309 1175 1369 illos
1195 1309 1261 1370 doc·

89 1421 136 1471 tos
160 1426 250 1487 supra
274 1414 462 1467 enumeratos
485 1391 667 1466 baudrecte
686 1404 819 1466 iudicare
839 1405 1077 1466 Chaeronensem
1096 1425 1189 1466 imum
1210 1426 1263 1467 seu

89 1510 163 1568 duos
187 1513 302 1566 tantum
326 1512 462 1565 auctores
486 1506 516 1563 in
539 1521 657 1582 quoque
677 1503 752 1563 libro
773 1506 965 1584 expressisse,
989 1507 1078 1563 immo
1098 1505 1263 1583 permultos

89 1625 157 1666 eum
191 1606 352 1682 scriptores
385 1602 546 1680 perlegisse
577 1619 676 1660 amore
706 1601 833 1680 quodam
862 1601 979 1679 legendi
1007 1601 1167 1680 impulsum
1197 1621 1264 1681 per·

89 1703 239 1780 multaque
268 1719 304 1759 ex
332 1703 375 1759 eis
402 1701 587 1777 excerpsisse
612 1697 720 1777 quibus
744 1701 774 1757 in
798 1701 861 1758 suis
885 1698 1026 1777 operibus
1050 1701 1264 1777 componendis

90 1801 156 1881 plus
189 1802 322 1859 minusve
356 1797 448 1856 libere
479 1815 550 1856 usus
578 1805 624 1856 est
650 1798 708 1856 iam
738 1798 809 1856 satis
838 1796 955 1856 videtur
984 1796 1185 1876 manifestum,
1220 1801 1265 1857 uti

90 1917 157 1959 eum
188 1898 239 1976 qui
266 1899 297 1956 in
319 1894 472 1956 Plutarchi
500 1894 603 1953 sontes¹
625 1895 777 1973 inquirere
806 1892 906 1954 studet
933 1912 993 1955 non
1021 1893 1116 1953 solum
1140 1896 1171 1954 in
1195 1897 1265 1954 vitis

90 1997 142 2057 sed
175 1997 262 2055 etiam
295 1995 326 2053 in
359 1990 658 2054 commentationibus
687 1990 847 2051 moralibus
875 1992 1076 2052 examinandis
1104 1994 1266 2072 praecipue

90 2095 168 2153 varia
192 2092 241 2152 illa
265 2089 443 2151 collectanea
467 2106 625 2149 secernere
650 2095 680 2147 et
703 2088 834 2148 indicare
859 2089 970 2149 deceat.

178 2188 240 2250 Nec
270 2206 339 2248 vero
368 2187 483 2265 opificis
512 2185 562 2244 sed
592 2185 714 2245 artificis
742 2187 771 2244 in
801 2186 921 2248 modum
949 2196 1052 2248 noster
1080 2205 1183 2247 omnes
1211 2187 1266 2248 has

90 2289 295 2366 excerptiones
319 2293 407 2363 atque
431 2283 611 2344 collectanea
635 2283 782 2361 colligavit
806 2287 928 2363 suisque
953 2287 1034 2345 auxit
1057 2285 1266 2346 additamentis

91 2395 121 2445 et
144 2381 421 2462 deliberationibus;
450 2381 527 2460 quod
553 2380 605 2440 ubi
628 2383 826 2462 concesseriS,
853 2383 939 2442 lacile
962 2383 1117 2462 intelleges
1140 2402 1267 2461 prorsus

91 2501 156 2543 esse
180 2483 390 2560 necessarium,
413 2481 587 2558 priusquam
611 2478 764 2539 Plutarchi
787 2479 885 2540 fontes
909 2480 1107 2541 enucleandos
1131 2480 1266 2560 aggredi-

91 2599 166 2661 mur,
191 2589 350 2658 quaerere,
369 2577 515 2655 quomodo
531 2579 603 2655 ipse
628 2579 892 2637 commentationes
917 2595 986 2636 suas
1011 2581 1213 2657 composuerit
1233 2597 1267 2638 ac

92 2676 239 2757 quomodo
267 2674 375 2753 singuli
403 2673 495 2734 libelli
523 2693 590 2735 cum
620 2674 698 2753 quod
728 2674 763 2734 ad
787 2674 917 2734 indolem
941 2683 1003 2735 tum
1029 2675 1105 2752 qnod
1132 2674 1167 2735 ad
1194 2685 1268 2736 tem-

90 2793 197 2855 porum
221 2767 365 2834 rationem
389 2774 495 2832 attinet
517 2775 596 2832 inter
620 2771 856 2833 se'cobaereant.
894 2771 1150 2851 Quaquaestione
1170 2773 1268 2833 soluta

92 2873 184 2935 multo
213 2873 310 2950 aptius
339 2887 426 2948 quam
455 2888 490 2929 ex
515 2871 653 2949 opinione
681 2869 881 2946 praeiudicata
911 2876 1047 2929 auctores
1077 2888 1151 2948 quos
1175 2869 1268 2930 Chae-

91 2973 234 3032 ronensis‘
252 2975 373 3029 secutus
397 2976 443 3027 est
467 2965 595 3028 enodare
619 2976 649 3026 et
672 2967 795 3026 delinire
820 2969 994 3047 poterimus.

181 3066 296 3137 Quibus
330 3067 427 3126 causis
459 3073 612 3143 permotus
640 3064 712 3125 mihi
740 3067 884 3143 proposui
909 3065 1022 3145 aliquot
1050 3066 1269 3128 Chaeronensis

93 3169 272 3244 scriptorum
310 3162 466 3223 moralium
501 3165 744 3240 compositionem
778 3170 808 3222 et
840 3181 985 3223 conexum
1018 3166 1186 3225 accuratius
1219 3184 1269 3225 ex-

92 3264 202 3343 plicare
224 3279 403 3340 operamque
423 3260 502 3342 dare,
526 3269 559 3320 ut
578 3261 728 3339 specimen
748 3259 832 3319 edam
852 3268 937 3338 aptae
956 3261 1064 3321 horum
1082 3261 1268 3323 voluminum

93 3361 356 3438 interpretationis.
823 3344 826 3361 ⁵

181 3456 240 3516 lam
265 3456 426 3516 tenendum
451 3464 497 3515 est
515 3455 707 3516 Plutarchum
729 3458 759 3514 in
780 3455 1004 3535 scriptiunculis
1023 3459 1085 3516 suis
1106 3458 1269 3519 moralibus

75 3557 217 3618 maxima
242 3573 277 3613 ex
301 3562 384 3631 parte
408 3571 467 3613 non
492 3552 650 3613 subtilibus
673 3554 951 3614 ratiocinationibus
975 3555 1025 3615 sed
1046 3557 1136 3615 certis
1156 3555 1269 3635 regulis

93 3672 126 3714 ac
150 3652 319 3731 praeceptis
340 3651 376 3710 ad
395 3650 584 3714 cottidianam
604 3653 692 3710 vitam
713 3651 917 3729 spectantibus
937 3671 1095 3735 exponere,
1119 3648 1269 3732 quomodo

93 3752 228 3811 homines
251 3748 326 3808 bene
351 3756 381 3808 et
405 3747 530 3808 feliciter
554 3750 642 3807 vitam
667 3767 748 3808 suam
773 3750 931 3809 instituere
956 3752 1083 3829 possint,
1112 3759 1142 3810 et
1166 3770 1268 3829 quam·

95 3867 183 3928 quam
207 3865 265 3907 non
289 3845 403 3907 alienus
427 3854 490 3906 erat
514 3864 529 3905 a
553 3849 671 3924 spinosa
694 3845 961 3924 Peripateticorum
985 3857 1014 3907 et
1038 3847 1207 3908 Stoicorum
1230 3849 1268 3909 de

95 3938 228 4006 moribus
261 3943 409 4024 doctrina,
442 3961 590 4003 summum
623 3945 758 4023 posuisse
791 3945 822 4003 in
855 3945 914 4004 vita
942 3943 1017 4004 bona
1046 3944 1189 4024 beataque
1218 3947 1268 4006 dc-

95 4043 250 4105 scribenda
275 4040 413 4101 omnibus
436 4043 515 4101 vitiis
539 4049 569 4100 et
592 4040 868 4120 perturbationibus
892 4060 990 4102 vacua.

184 4140 246 4200 lloc
277 4148 308 4198 ut
337 4139 469 4199 efficeret
497 4138 664 4217 complures
692 4137 806 4198 libellos
835 4142 1001 4217 composuit
1027 4141 1161 4218 quitum
1185 4147 1266 4200 arcte

95 4241 173 4298 inter
197 4255 229 4296 se
253 4235 422 4317 cohaerent,
445 4244 479 4296 ut
503 4255 566 4316 uno
585 4239 661 4297 vitae
683 4235 808 4296 articulo
828 4239 990 4316 conscripti
1010 4235 1173 4318 videantur,
1197 4256 1267 4317 qua-

95 4347 161 4395 rum
191 4337 220 4398 in
247 4336 527 4399 commentationum
556 4352 715 4413 conexum,
752 4333 892 4413 indolem,
927 4343 1092 4412 temporum
1121 4335 1266 4394 rationem
