2754 4656
461 211 466 220 ’
580 251 822 314 -119-

112 434 183 493 vitio
215 449 275 491 non
307 430 478 511 adiuvante,
511 440 614 491 contra
642 431 777 491 homines
805 430 914 491 nnllam
943 450 1008 492 esse
1037 434 1094 492 vim
1124 427 1285 512 (“οὐκοῦν

114 525 176 591 οὐκ
203 527 293 591 ἔστιν
320 524 341 607 ἡ
368 524 450 609 τύχη
478 526 736 609 κακοδαιμονίας
762 527 1006 612 τελεσιουργός,
1035 524 1077 591 ἂν
1100 527 1144 610 μὴ
1167 529 1285 591 κακίαν

113 626 169 708 ἔχῃ
193 621 458 709 συνεργοῦσαν).
482 657 525 672 -·
550 625 611 687 Sub
635 629 741 707 capitis
764 627 823 686 fine
842 626 919 687 Plut.
938 630 1059 706 exponit
1082 627 1156 687 nihil
1176 646 1283 687 nocere

116 725 199 785 nobis
219 744 306 803 posse
325 722 439 804 τύχην,
458 726 516 784 nisi
534 723 695 784 habeamus
713 720 815 785 ’ἴδιον
834 719 929 797 ἕλκος
942 719 979 786 ἐν
993 719 1097 809 ἑαυτῷ
1113 719 1168 786 καὶ
1182 721 1284 786 κακὸν

185 818 295 896 ἐντὸς
318 821 448 902 σαρκός,
473 817 561 894 ὅπως
584 819 624 882 τὰ
647 822 894 903 προσπίπτοντα
916 817 1067 896 ἔξωθεν
1090 819 1205 903 οίκτρά
1227 817 1283 884 καὶ

112 916 236 1002 ὀδυρτὰ
258 914 401 1000 ποιήσομ’.

199 1017 288 1078 Plane
314 1017 416 1076 eadem
441 1025 537 1077 exstat
560 1020 706 1078 sententia
731 1013 784 1077 ‘De
803 1019 869 1078 virt.
889 1026 919 1078 et
938 1013 1000 1079 rit.'
1019 1037 1044 1078 o.
1059 1016 1088 1079 2.
1126 1018 1282 1079 Praeterea

112 1134 198 1194 quam
222 1118 348 1176 maxime
371 1115 429 1175 buc
449 1115 574 1194 quadrat
593 1110 741 1175 ‘Animine
761 1133 797 1175 an
817 1111 964 1194 corporis'
983 1135 1007 1176 o.
1023 1114 1052 1190 2,
1075 1115 1128 1176 ubi
1147 1116 1283 1176 similiter

112 1208 253 1286 ’ἐντός’
283 1222 313 1273 οῖ
336 1208 516 1285 (ἔξωθεν
540 1213 596 1273 sibi
620 1221 812 1292 opponuntur
835 1221 865 1272 et
888 1222 1040 1291 praeterea
1064 1213 1203 1291 legimus:
1232 1209 1284 1274 ‘ad

112 1306 151 1372 ἐν
171 1305 286 1392 σαρκὶ
304 1306 486 1390 νοσήματα
507 1338 548 1360 =
568 1307 625 1371 ‘Au
640 1307 748 1372 vitios’
768 1310 784 1370 l.
802 1309 833 1371 l.:
852 1306 966 1372 ‘unedo
985 1306 1095 1383 ἐντὸς
1114 1306 1282 1391 σαρκός’.

199 1409 301 1469 Restat
333 1416 366 1469 ut
399 1427 486 1486 quam
520 1409 694 1469 brevissime
724 1409 797 1468 duas
826 1408 896 1468 alias
924 1412 1189 1470 commentationes
1215 1427 1281 1487 per-

111 1506 286 1588 lustremus‚
318 1508 348 1566 in
378 1504 486 1584 quibus
514 1505 692 1567 Plutarchus
720 1507 755 1566 de
784 1507 918 1566 doctrina
946 1526 997 1567 sua
1026 1507 1130 1567 morali
1158 1509 1188 1566 in
1216 1508 1280 1566 uni-

110 1623 228 1665 versum
253 1605 399 1682 disputat:
423 1604 489 1665 dico
513 1603 605 1664 libros
629 1600 721 1676 Ἥῶς
743 1601 785 1664 ἄν
807 1624 857 1676 τις
880 1606 1033 1665 αίσθοιτο
1057 1599 1178 1666 ἑαυτοῦ
1199 1621 1280 1684 προ-

109 1696 300 1774 κόπτοντος’
324 1709 354 1761 et
373 1694 470 1780 εΠερὶ
493 1705 551 1781 τῆς
574 1698 695 1782 ἠθικῆς
717 1696 846 1782 ἀρετῆς
867 1704 1037 1781 inscriptos.
1077 1702 1139 1762 Nec
1161 1704 1278 1762 veroin

107 1802 206 1862 auimo
230 1807 276 1859 est
298 1799 352 1858 bas
375 1799 450 1859 duas
472 1800 699 1860 dissertationes
722 1800 779 1860 boc
803 1799 867 1859 loco
891 1799 1061 1880 exhaurire3
1085 1800 1136 1859 sed
1161 1818 1194 1859 ea
1218 1808 1279 1860 tan·

107 1907 170 1959 tum
208 1915 440 1958 commemorare
478 1897 550 1957 mibi
582 1899 726 1977 proposui
758 1916 833 1976 quae
867 1916 935 1957 curn
968 1896 1075 1957 libellis
1108 1916 1197 1975 supra
1230 1898 1278 1957 ad·

108 1995 253 2055 umbratis
277 1996 466 2056 conveniunt.

556 2293 711 2367 CAPVT
740 2294 835 2366 VlII.

165 2433 209 2499 Do
234 2433 474 2508 dissertatione,
499 2450 578 2514 quae
601 2431 792 2496 inscribitur
815 2432 907 2508 Ἥῶς
929 2433 971 2496 ἄν
993 2455 1044 2509 τις
1067 2439 1219 2498 αἴσθοιτο

472 2539 592 2606 ἑαυτοῦ
614 2537 912 2624 προκόπτοντος’.1)

195 2707 291 2786 Atque
310 2707 341 2766 in
361 2707 460 2784 priore
481 2705 601 2783 quidem
619 2702 777 2782 volumine,
798 2703 876 2782 quod
893 2702 994 2763 Sossio
1010 2702 1168 2764 Senecioni
1183 2709 1277 2767 amico

105 2806 239 2864 Romano
259 2804 413 2884 dedicavit,
434 2802 509 2863 Plut.
525 2801 654 2862 Stoicam
673 2800 752 2860 illam
771 2800 936 2862 doctrinam
951 2802 1104 2878 impugnat
1120 2820 1176 2879 qna
1193 2802 1278 2864 dooe-

104 2903 193 2963 batur
217 2920 271 2962 nos
294 2900 376 2961 nullo
395 2900 482 2960 modo
503 2901 600 2960 lacere
620 2917 716 2979 posse,
740 2908 774 2960 ut
792 2900 823 2959 in
842 2901 951 2958 virtute
971 2899 1197 2976 progrediamur
1216 2895 1279 2981 (nv

104 3005 150 3083 τῷ
184 3000 382 3080 φιλοσοφεῖν
414 2995 490 3059 οὔτε
518 2994 690 3080 προκοπὴν
719 2993 794 3059 οὔτε
821 2993 896 3057 τινὰ
922 3000 1091 3075 προκοπῆς
1118 2999 1278 3077 αίσθησιν

106 3089 263 3180 εἷναι’).)

113 3224 115 3228 ⁴
195 3193 234 3254 Ut
261 3196 291 3254 in
321 3193 385 3253 aliis
413 3191 721 3253 commentatiunculis
751 3211 823 3271 quas
852 3194 1037 3252 excrrssimus
1064 3195 1106 3252 sio
1132 3195 1218 3254 etiarn
1243 3197 1274 3255 in

104 3293 161 3352 hoo
194 3295 305 3371 scripto
338 3298 441 3351 auctor
474 3307 533 3349 non
562 3297 621 3348 tam
650 3288 809 3350 subtilibus
838 3288 1114 3349 ratiocinationibus
1143 3292 1276 3351 intImam

105 3390 270 3450 doctrinam
294 3407 377 3449 suam
401 3387 535 3448 evolvere
559 3395 590 3447 et
612 3387 805 3466 comprobare
830 3404 918 3465 quam
942 3389 1051 3447 amicos
1073 3387 1108 3446 ad
1128 3386 1277 3448 honestio-

104 3507 168 3548 rem
192 3488 413 3565 beatioremque
437 3487 526 3546 vitam
550 3484 698 3545 adducere
722 3478 831 3545 studet.

193 3585 225 3646 ln
255 3587 360 3663 capitis
381 3583 397 3645 1
419 3586 503 3644 initio
530 3582 615 3642 nobis
639 3582 728 3642 verba
753 3590 929 3643 occurrunt:
957 3577 994 3661 ‘n
1017 3582 1134 3643 κακία
1156 3588 1275 3645 πᾶσιν

105 3677 349 3763 περιτνθεμένη’
373 3709 416 3731 --
440 3677 496 3741 ‘dn
516 3677 624 3741 villos?
643 3678 756 3740 tinio:
784 3674 816 3758 ‘sl
844 3678 960 3740 κακία
989 3675 1158 3758 διατίθησι
1180 3678 1276 3743 ποίν-

104 3799 171 3852 τας
194 3775 414 3859 ἀνθρώπους.
437 3811 482 3823 -
504 3778 537 3838 ln
562 3780 604 3838 eis
629 3796 703 3856 quae
728 3784 896 3855 sequuntur
917 3779 1077 3854 exponitur
1096 3778 1274 3857 discipulum

105 3896 164 3937 non
187 3896 275 3956 posse
299 3877 440 3955 progredi
463 3870 510 3936 ‘do
529 3881 701 3956 μουσικοῖς
718 3871 739 3956 ἢ
758 3868 1015 3957 γραμματικοῖς,
1039 3876 1096 3934 nisi
1116 3876 1186 3952 quid
1206 3879 1274 3936 nori

194 4104 220 4168 1)
239 4091 401 4170 Disputovit
418 4100 453 4154 de
472 4101 525 4153 hoc
543 4099 616 4153 libro
635 4100 659 4153 J.
675 4100 708 4154 H.
724 4099 837 4167 Macae,
860 4099 912 4152 ‘De
931 4098 1004 4153 Plub.
1024 4098 1108 4166 duce,
1132 4099 1273 4166 quomodo

104 4197 169 4235 suo·
193 4181 311 4249 quisque
335 4180 363 4234 in
386 4180 491 4232 virtute
515 4179 656 4247 profectus
680 4179 770 4249 possit
793 4178 1040 4244 animadverteret
1061 4177 1176 4246 Lipsiae
1194 4183 1276 4231 ilat.

75 4272 141 4396 '20
185 4269 215 4336 2)
235 4267 273 4323 Cf.
299 4268 350 4322 ‘Da
370 4269 569 4326 communibus
588 4268 711 4326 nobiliis'
736 4275 792 4326 ott
809 4271 900 4325 etto.
933 4264 1094 4321 mistim
1104 4264 1309 4327 mmmm„

108 4351 124 4396 7
153 4361 194 4410 sq.
