2754 4656
628 228 846 290 ..82-

150 406 294 466 laudatur.
332 402 555 486 ’ὑποκείμενν
573 406 664 466 babes
680 403 732 466 ‘tte
748 407 897 486 tranquill.
914 404 972 468 an.'
988 406 1017 488 8
1031 405 1096 469 469
1109 398 1149 468 (λ’
1173 407 1218 468 cf.
1237 411 1326 469 etiam

151 501 238 563 ο12
253 506 330 564 mrt
359 501 453 584 πρὸς
479 501 540 583 την
569 499 789 584 ὑποκειμένην
818 498 984 584 δύναμιν.
1030 504 1073 564 dd
1101 503 1193 565 verba
1223 499 1328 566 ‘durl-

150 603 293 680 γεσθαι
318 599 373 662 δεῖ
391 600 429 663 τὸ
454 596 581 682 ίλαρόν
602 602 737 661 conlerre
759 601 828 662 licet
846 599 899 661 lle
919 601 1067 680 tranquill.
1087 621 1133 662 an
1136 598 1196 682 ',8
1216 599 1327 663 4698:

151 693 305 777 ἀγαθοῖς
327 706 493 779 παροῦσιν
518 695 558 759 οὑ
582 696 795 780 προσάγεις
818 697 878 778 τὴν
902 694 1076 760 διάνοιαν.
1368 686 1371 793 ἶ

239 796 299 856 lam
328 815 418 856 novas
448 798 577 857 excitant
606 799 795 874 quaestiones
823 800 917 875 prima
947 799 1051 875 capitis
1075 793 1097 858 5
1123 797 1213 858 verba
1238 816 1326 876 supra
1369 850 1371 871 ,

152 889 316 955 omissa:
318 888 382 955 cdlv
413 890 572 973 ἀληθῶς
603 892 691 977 κακῷ
724 914 790 955 τινι
821 888 877 955 καὶ
910 892 1045 976 λυπηρῷ
1078 889 1328 975 περιπέσωμεν,

152 991 261 1070 quibus
290 993 320 1050 in
349 992 392 1049 eis
419 1009 493 1068 quae
518 1000 685 1069 sequuntur
710 992 892 1070 respondent
915 991 1017 1052 verba:
1046 982 1105 1052 ‘a‘av
1129 986 1160 1053 d’
1182 989 1203 1072 ἡ
1228 990 1329 1072 φύσις

153 1081 271 1149 οὐδὲν
291 1085 356 1167 ἔχει
375 1086 488 1167 κακόν,
508 1079 580 1148 ἀλλ’
599 1084 679 1149 όλον
698 1083 753 1149 καὶ
772 1094 838 1149 πᾶν
856 1087 893 1149 τὸ
915 1089 1044 1150 λυποῦν
1063 1084 1099 1150 ἐκ
1117 1095 1217 1169 κενῆς
1231 1086 1329 1170 δόξης

151 1180 410 1263 ἀναπέπλασται,
428 1191 530 1246 ταῦτα
551 1183 615 1266 δεῖ,
633 1183 783 1268 καθάπερ
803 1193 873 1258 τοῖς
893 1183 1059 1247 δεδοικόσι
1079 1184 1328 1267 τὺπροσυπεῑα

61 1358 69 1366 ⁸
151 1281 297 1356 παιδίοις
330 1278 428 1361 ἐγγὺς
458 1278 513 1343 καλ
541 1279 606 1344 ὑπὸ
636 1291 728 1365 χεῖρα
756 1288 930 1357 ποιοῦντες
1048 1280 1204 1365 ἐθίζομεν
1231 1305 1328 1361 κοιτα-

151 1387 303 1461 φρονεῑν,
336 1375 443 1452 οὑτως
471 1375 568 1459 ε’γγὺς
595 1376 801 1461 ἁπτομένους
824 1375 878 1442 καὶ
902 1381 1156 1462 συνερείδοντας
1180 1382 1240 1445 τὸν
1265 1385 1329 1444 λο-

150 1476 295 1559 γισμὸν
331 1476 369 1539 τὸ
407 1476 537 1556 σαθρὸν
572 1473 627 1539 καὶ
659 1476 696 1538 τὸ
728 1476 845 1540 κενὸν
878 1474 931 1539 καὶ
964 1478 1000 1540 τὸ
1033 1475 1346 1563 τετραγῳδημένον.

150 1571 464 1636 ἀνακαλύπτειν
498 1575 607 1635 Eadem
630 1579 720 1654 igitur
740 1573 864 1655 ‘mdccc'
884 1585 913 1636 et
932 1573 1035 1659 ‘clip'
1057 1578 1200 1639 malcrum
1222 1579 1328 1640 divisio

151 1673 237 1733 nobis
264 1691 296 1733 se
325 1673 412 1732 offert
440 1692 527 1751 quam
556 1675 586 1733 in
615 1674 762 1753 capitibus
787 1673 803 1734 1
830 1672 903 1734 et?
932 1675 1134 1735 indicavimus,
1180 1675 1273 1736 Redit
1299 1679 1329 1736 in

152 1773 248 1849 capite
279 1769 385 1831 ivor
419 1766 555 1850 εκενιι”νς’;
588 1770 696 1830 ibidem
730 1771 764 1830 ad
799 1789 886 1831 vcces
919 1766 1099 1851 “λογισμός’
1132 1781 1162 1832 et
1193 1768 1330 1834 ‘divana-

152 1864 298 1930 λὺπτειν
328 1870 439 1928 arridet
468 1865 615 1945 ‘myos’
646 1887 704 1946 quc
734 1863 987 1947 ‘dnlcmnda‘vrc
1016 1863 1069 1929 καλ
1098 1865 1330 1950 ἀνακαλυφ-

150 1960 291 2026 θέντα’
315 1968 377 2044 ipsa
402 1962 453 2026 ‘rai
476 1962 661 2045 πράγματα’
687 1967 835 2044 loquentia
860 1968 889 2025 in
915 1986 1032 2026 scenam
1057 1968 1214 2045 prodeunt.

241 2065 277 2122 At
300 2064 393 2123 multa
418 2063 576 2123 dilucidius
598 2082 685 2140 quam
706 2082 740 2123 ex
760 2065 906 2142 capitibus
928 2063 945 2124 1
967 2072 996 2123 et
1015 2062 1036 2124 2
1056 2083 1090 2124 ex
1111 2065 1167 2126 bcc
1186 2068 1288 2144 capite
1309 2064 1329 2128 5

152 2161 339 2221 manifestum
370 2162 401 2219 fit
429 2160 501 2220 baec
529 2170 693 2220 commenta
723 2180 757 2220 ex
785 2163 888 2222 ecdem
912 2165 1124 2222 commentario
1149 2163 1328 2242 deprompta

153 2277 218 2318 esse
245 2267 334 2336 atque
363 2253 415 2316 ‘lle
440 2258 589 2335 tranquill.
608 2255 665 2318 an.'
687 2257 726 2319 17
751 2269 781 2319 et
808 2257 925 2340 t8fin.‚
953 2279 1009 2339 qna
1039 2261 1074 2319 de
1104 2279 1136 2320 re
1165 2261 1232 2321 vide
1261 2261 1330 2322 Gie-

155 2355 247 2416 seckii
275 2354 366 2414 libelli
389 2373 417 2432 p.
437 2352 492 2433 61,
521 2359 606 2416 cuius
635 2359 800 2435 quaestioni
826 2357 965 2418 nonnulla
989 2358 1121 2418 addenda
1145 2367 1228 2438 sunt,
1258 2378 1330 2419 cum

152 2452 186 2512 ad
212 2472 236 2513 c.
258 2450 299 2514 18
323 2461 437 2513 tantum
461 2457 634 2531 respexerit.
658 2489 700 2496 —
725 2450 784 2515 ‘Tb
809 2451 949 2516 λυποῦν
972 2458 1139 2514 invenimus
1163 2458 1253 2515 etiam
1274 2452 1329 2516 ‘De

152 2550 301 2629 tranquill.
321 2546 378 2610 an.'
401 2549 518 2610 tttntt.
547 2570 614 2610 cum
644 2571 714 2612 voce
744 2549 915 2632 ‘bandvon’
943 2556 1135 2614 coniunctum
1165 2546 1206 2636 (v.
1236 2573 1329 2633 supra

150 2667 177 2725 p.
199 2641 263 2728 76).
311 2643 363 2708 ‘De
388 2644 488 2707 exilic'
512 2648 529 2708 l.
550 2649 566 2708 l.
591 2649 681 2709 babes
710 2645 912 2730 ‘dbcgdpav
935 2648 1171 2730 καταφρονεῖν
1200 2685 1244 2695 -
1273 2649 1329 2714 ‘De

149 2745 297 2823 tranquill.
313 2740 372 2805 an.'
390 2745 408 2804 Ι.
424 2744 439 2805 l.
460 2742 703 2826 <δυσχεραίνειν
723 2742 966 2827 έθιζόμεθα’,
987 2767 1040 2808 nec
1060 2767 1119 2808 ncn
1135 2749 1328 2811 Gieseckinm

149 2842 261 2919 fugisse
291 2843 406 2902 videtur
431 2844 494 2902 vcci
517 2839 836 2926 ετετραγφδημεύον
861 2849 932 2905 satis
956 2846 1118 2907 abundanti
1143 2850 1328 2926 respondere

150 2934 207 2998 ‘lle
232 2939 380 3017 tranquill.
400 2935 457 2999 an.'
483 2938 523 3001 18
541 2942 588 3000 bn.
626 2960 727 3001 vocem
761 2938 1060 3022 <κατεψευσμένον.
1115 2943 1228 3006 Eodem
1261 2945 1329 3006 loco

150 3035 277 3096 redeunt
310 3054 398 3096 voces
432 3033 586 3130 σαθρόν
621 3046 651 3098 et
682 3035 860 3100 ’διάκενον
889 3036 956 3118 l‘lle
977 3037 1075 3100 exilic'
1101 3041 1116 3102 l.
1137 3041 1169 3103 l.:
1198 3037 1329 3126 κενόν);

150 3135 270 3193 maioris
299 3142 396 3193 autem
423 3144 468 3194 est
492 3138 648 3217 momenti,
676 3139 754 3214 quod
780 3146 907 3217 utroque
931 3138 996 3197 loco
1021 3138 1106 3216 plane
1130 3140 1233 3200 eadem
1259 3140 1327 3202 senss

151 3233 241 3290 tentia
266 3240 422 3291 enarratur
446 3233 610 3292 secundum
635 3253 722 3313 quam
747 3237 821 3295 ratic
841 3236 915 3295 mala
935 3255 1009 3314 qnae
1030 3238 1166 3297 videntur
1186 3257 1328 3316 aggressa

150 3328 289 3406 perfacile
327 3330 427 3388 vincit.
483 3329 525 3390 Cl.
554 3327 611 3390 ‘De
635 3333 784 3411 tranquill.
808 3329 865 3392 an.'
895 3333 912 3392 l.
937 3332 966 3393 l.:
1005 3329 1232 3415 εγλυκυθυμία
1268 3343 1328 3417 τῆς

150 3430 257 3504 ψυχῆς
356 3425 459 3487 νόσου
491 3421 546 3487 καί
578 3426 684 3489 πόνου
717 3424 772 3490 καὶ
804 3435 913 3510 φυγῆς
943 3432 1108 3509 μελετῶσα
1136 3434 1328 3510 φαντασίαν

149 3520 358 3601 ὑφίστασθαι
388 3517 443 3583 καὶ
474 3521 791 3606 προσβιαζομένη
820 3531 870 3612 τῷ
899 3529 1071 3612 λογισμῷ
1190 3527 1328 3613 εὑρήσει

150 3619 236 3680 πολὺ
267 3619 304 3681 τὸ
337 3616 659 3701 κατεψευσμένον
691 3618 755 3687 καὶ
788 3622 973 3687 διάκενον
1006 3620 1070 3686 καὶ
1103 3627 1258 3706 σαθρὸν
1288 3626 1327 3692 ἐν

149 3725 219 3790 τοῖς
249 3714 412 3779 δοκοῦσι
440 3720 594 3798 χαλεποῖς
621 3715 677 3780 καὶ
705 3716 873 3800 φοβεροϊς’
899 3749 940 3770 =
965 3718 1021 3782 ‘De'
1042 3718 1140 3783 exilic'
1165 3724 1182 3783 l.
1200 3725 1231 3785 l.:
1261 3722 1328 3788 ‘dai

228 3810 325 3892 ε’γγὺς
352 3810 598 3895 ἁπτομένους
621 3813 685 3878 καὶ
709 3816 1017 3899 συνερείδοντας
1039 3817 1107 3880 τὸν
1131 3821 1326 3903 λογισμὸν

150 3910 187 3972 τὸ
221 3909 374 3992 σαθρὸν
407 3908 471 3973 καὶ
503 3913 545 3976 τὸ
577 3913 694 3976 κενὸν
726 3911 789 3976 καὶ
821 3912 1169 4000 τετραγῳδημένον
1201 3915 1326 3982 ἀνακα-

151 4005 306 4090 λύπτειν,
335 4028 375 4069 sc.
399 4029 502 4070 eorum
532 4031 658 4090 quorum
687 4008 735 4073 ‘rb
764 4014 893 4075 λυποῦν
921 4009 956 4074 ἐκ
983 4019 1081 4093 κενῆς
1104 4009 1220 4096 δόξης
1243 4013 1326 4078 ἀνα-

150 4100 353 4167 πέπλασται]

239 4206 272 4265 ln
296 4209 339 4266 eis
363 4226 437 4286 quae
463 4216 629 4287 sequuntur
648 4208 725 4269 Plut.
745 4207 781 4267 de
801 4208 888 4268 exilio
909 4209 996 4269 verba
1017 4210 1096 4290 lacit,
1119 4212 1198 4289 quod
1219 4231 1323 4273 verum

77 4360 107 4375 ,„
151 4320 217 4362 esse
241 4303 350 4363 malum
376 4313 470 4382 negat.
515 4304 593 4365 Haec
618 4308 764 4366 sententia
788 4306 921 4385 adaptata
946 4308 1050 4368 estad
1075 4310 1166 4369 totius
1190 4310 1324 4372 conscla-
