2754 4656
570 260 789 326 ..93-

91 446 185 505 reicit
207 444 240 504 ad
265 443 282 504 l.
302 439 356 503 ‘be
377 443 524 522 tranquill.
545 439 601 502 an’
621 463 645 503 c.
661 441 690 520 2,
705 440 848 523 tonum
872 443 962 503 habes
987 446 1064 504 enim
1087 447 1114 503 in
1136 454 1263 522 utroque

92 541 174 601 libro
207 540 334 619 plurales
366 537 533 620 “ιαραχαί’
561 550 591 599 et
619 536 841 620 ‘quoavnc'ut’,
874 559 928 600 nec
957 560 1014 601 non
1045 552 1171 620 utroque
1201 543 1264 601 loco

92 635 341 718 δεισιδαιμονία
364 641 533 716 castigatur.
571 634 623 696 ‘lle
644 639 708 697 virt.
729 649 758 697 et
778 634 838 698 vit’
859 659 885 716 p.
904 636 997 699 10οΑ
1023 641 1100 700 ἰιιιοι·
1126 642 1192 699 vitia
1215 640 1264 699 bo-

93 739 187 795 minis
209 737 354 795 insomnia
378 734 581 814 perturbanda
607 745 819 795 enumerantur
842 732 985 815 ‘pritinos
1008 730 1061 797 καὶ
1085 735 1190 815 φόβος
1210 730 1264 796 καὶ

90 830 207 912 θυμὸς
231 828 287 894 καλ
315 828 495 894 ἀκολασία’.
542 832 583 892 Cl.
612 829 665 892 ‘De
686 833 833 910 tranquill.
854 830 911 893 an'
937 831 1048 915 linit,
1077 835 1126 894 nbi
1156 837 1263 894 iterum

91 940 214 990 exstant
236 949 304 990 cum
330 930 520 1010 ζηλοτυπίαι
544 939 605 990 turn
630 924 725 1010 ὀργαὶ
745 925 800 991 καὶ
819 931 959 1008 φθόνοις
983 932 1128 992 accedunt
1146 931 1264 1009 κακοή-

90 1030 189 1089 θειαι
213 1055 253 1076 =
278 1020 332 1088 ‘De
353 1031 419 1088 virt.
438 1038 468 1088 et
488 1023 548 1087 vit'
573 1026 590 1087 l.
610 1026 641 1087 l.:
664 1024 713 1087 ‘ab
736 1026 922 1107 κακόηθες’.

135 1123 140 1129 ’
187 1124 220 1185 ln
247 1135 380 1185 extremo
409 1129 504 1204 capite
533 1124 671 1202 legimns:
699 1122 985 1202 εδιαγριαίνειν
1007 1124 1050 1185 τά
1073 1122 1178 1205 πάθη
1202 1119 1264 1186 καὶ

90 1221 139 1285 τὰ
160 1218 376 1302 νοσήματα
398 1249 438 1271 =
459 1218 511 1281 ‘De
532 1222 679 1299 tranquill.
695 1218 752 1281 an'
770 1222 785 1282 l
800 1222 861 1281 lin.:
883 1217 942 1283 ‘cd
961 1219 1065 1303 πάθη
1085 1229 1142 1302 τῆς
1160 1229 1267 1303 ψυχῆς

92 1318 428 1401 διαγριαινόμενα
455 1325 660 1381 καταπαῦσαι
689 1316 812 1401 ῥαδίως
840 1315 901 1379 οὐκ
926 1317 1037 1380 ἔστιν’
1065 1352 1106 1363 -
1136 1317 1265 1399 (Πάθη
1348 1387 1352 1393 ‚

90 1412 161 1479 καὶ
184 1413 399 1497 νοσήμαια’
423 1420 616 1478 inveniuntur
639 1420 727 1477 etiam
752 1437 775 1476 c.
797 1415 824 1495 i,
843 1413 908 1477 468
920 1417 950 1477 C.

185 1516 281 1594 Magni
307 1517 449 1574 momenti
472 1524 517 1575 est
541 1534 566 1576 c.
585 1514 615 1595 3,
639 1515 690 1574 ubi
715 1514 793 1573 velut
817 1517 983 1574 riecessaria
1009 1515 1200 1576 beatitudinis
1219 1516 1268 1575 ad·

93 1613 234 1675 minicnla
274 1611 462 1690 postulantur
500 1609 548 1674 ‘ab
586 1608 784 1692 ἀμέριμνον,
823 1609 860 1671 τὸ
898 1609 1043 1691 ἀλυπον,
1080 1610 1267 1692 αὐτάρκεια,

91 1705 268 1790 ἀταραξία,
300 1704 441 1788 ἡσυχία’,
470 1729 544 1788 quac
573 1710 633 1769 sola
662 1710 831 1769 felicitatem
861 1708 945 1767 uobis
974 1709 1116 1787 praebere
1144 1713 1268 1787 possint.

92 1808 164 1869 Pari
179 1811 293 1867 tutione
309 1806 384 1867 Plnt.
399 1808 435 1866 de
451 1806 531 1866 lalcis
546 1803 742 1887 <μερίμναις’
758 1807 921 1884 disputarat
937 1809 1023 1866 etiam
1040 1827 1063 1867 c.
1077 1804 1106 1884 2,
1122 1804 1267 1867 10οδ-

91 1907 131 1968 cl.
158 1901 211 1964 ‘Dc
230 1904 380 1983 tranquill.
399 1901 457 1964 an'
477 1903 533 1984 20,
552 1903 659 1965 477F.
684 1939 726 1945 —
751 1905 792 1962 nd
822 1922 922 1962 rocem
946 1899 1107 1965 ‘dilector'
1131 1905 1166 1964 cl.
1193 1924 1267 1983 quae

92 2021 187 2082 supra
221 2003 365 2062 adnotavi.
399 2035 442 2043 —
471 1995 643 2082 Ἀταραξία
674 2005 806 2079 opposita
836 2013 880 2060 est
909 2001 1031 2061 vocibus
1058 1998 1221 2083 ‘torcium'⁴
1239 2013 1269 2061 rt

92 2095 317 2179 ‘acceparat
337 2118 411 2178 qnae
433 2103 488 2159 iam
508 2103 626 2178 saepius
647 2099 731 2158 nobis
750 2102 951 2158 innotuerunt.
972 2132 1014 2141 —
1034 2098 1103 2158 Vnci
1124 2096 1268 2179 ‘ponzia’

92 2198 258 2277 respondet
288 2192 527 2277 ἀπραγμοσύνη
557 2215 632 2275 quac
659 2192 712 2255 ‘De
731 2196 878 2274 tranquill.
899 2192 956 2256 ια’
976 2195 1009 2275 6,
1028 2195 1127 2257 4771]
1156 2207 1185 2256 et
1214 2194 1266 2256 ‘lle

92 2291 198 2356 exilio'
222 2313 245 2355 c.
266 2292 300 2374 3,
325 2314 349 2354 c.
369 2292 402 2367 6,
427 2314 451 2354 c.
475 2293 512 2354 11
538 2293 674 2354 laudibus
698 2295 827 2353 ellertnr.

186 2391 268 2461 Quae
303 2393 495 2469 cogitationes
528 2394 718 2470 excipiuntur
750 2393 968 2469 comparatione
1002 2392 1049 2452 illa
1082 2392 1168 2452 nobis
1197 2395 1267 2452 satis

93 2498 167 2550 nota
191 2492 269 2550 inter
293 2507 402 2568 corpus
426 2501 453 2548 et
479 2493 609 2549 anininm
633 2491 776 2566 instituta,
800 2497 831 2548 et
854 2489 1050 2549 conferuntur
1073 2490 1192 2568 quidem
1213 2489 1267 2549 lroc

93 2589 162 2648 loco
186 2599 216 2646 et
239 2589 374 2665 corporis
397 2598 427 2646 et
448 2589 537 2645 animi
557 2589 621 2646 sani
641 2585 822 2663 voluptatum
842 2605 955 2646 causae.
980 2620 1022 2628 -
1046 2583 1099 2645 ‘lle
1118 2586 1267 2664 tranquill.

93 2680 155 2745 an?
183 2681 236 2762 17,
255 2682 353 2744 476a
387 2683 421 2742 ad
456 2702 560 2743 snunm
594 2685 728 2761 corporis
756 2693 865 2743 statum
895 2685 1082 2744 elliriendnm
1112 2680 1268 2764 σώφρων

95 2778 222 2859 διαίτη’
240 2782 418 2860 requiritur·3
442 2776 495 2840 ‘be
516 2784 580 2840 virt.
601 2791 630 2840 et
649 2777 711 2840 vit?
731 2781 747 2840 l.
763 2779 780 2839 l.
800 2781 961 2840 edocemur
979 2777 1157 2861 εὐκρασίαν
1178 2774 1268 2864 (quae

94 2882 195 2939 oritur
219 2881 360 2939 nimirum
384 2897 419 2937 ex
444 2887 608 2956 temperata
632 2879 747 2937 vivendi
771 2871 900 2960 ratione)
924 2881 1120 2938 necessariam
1141 2897 1206 2938 esse
1226 2882 1269 2938 eis

95 2979 149 3056 qui
177 2972 261 3046 ‘cuir
287 2979 344 3053 τῆς
372 2972 492 3054 σαρκὸς
519 2970 667 3054 ἡδοναῖς’
696 2993 727 3034 se
756 2976 864 3035 dedere
894 2978 1023 3055 cupiant.
1048 3009 1090 3018 —
1119 2975 1203 3046 Quod
1232 2976 1268 3036 ad

96 3075 188 3134 animi
217 3073 357 3132 laetitiam
385 3074 502 3152 attinet,
531 3070 607 3133 Plut.
631 3082 718 3150 negat
747 3076 772 3132 ei
797 3069 1016 3151 “ίγγενέσθαι’
1040 3092 1127 3152 posse
1152 3069 1269 3152 γῆθος

96 3164 152 3232 καὶ
175 3168 283 3252 χαρὰν
305 3164 452 3248 βέβαιον
477 3163 526 3251 (ci.
551 3188 575 3229 c.
600 3162 645 3252 1),
668 3173 726 3229 nisi
750 3173 777 3229 ei
801 3170 933 3230 subsidio
958 3174 1054 3230 verriat
1077 3168 1125 3231 ‘ab
1150 3168 1269 3232 εὔθυ-

97 3287 171 3346 μον
202 3261 255 3349 (cl.
284 3269 375 3326 totins
403 3269 660 3327 commentationis
689 3262 774 3347 ‘accpi
802 3264 1013 3345 εὐθυμιάς’
1043 3261 1185 3350 indolem)
1214 3262 1268 3328 καὶ

98 3362 232 3444 ἄφοβον
254 3358 310 3424 καὶ
332 3358 523 3444 θαρραλέον
546 3360 655 3444 ὥσπερ
679 3359 780 3444 ἕδραν
803 3359 823 3443 dl
847 3362 1046 3446 γαλήνην.
1090 3365 1156 3424 Pari
1181 3366 1268 3425 modo

99 3459 152 3522 ‘be
176 3461 326 3541 tranquill.
350 3456 408 3522 an'
434 3458 473 3521 17
489 3462 538 3521 lin.
571 3464 705 3539 corporis
736 3461 866 3541 placatus
900 3472 994 3522 status
1025 3472 1054 3522 et
1082 3461 1153 3522 ibid.
1181 3481 1206 3522 c.
1228 3461 1268 3522 19

100 3562 190 3620 animi
212 3559 363 3639 tranquilli
386 3559 521 3619 condicio
541 3579 607 3619 cunr
629 3562 703 3619 mari
723 3562 823 3638 quieto
843 3569 1039 3638 comparatur.
1081 3557 1134 3620 ‘lle
1155 3565 1219 3621 virt.
1240 3570 1269 3621 et

102 3653 162 3716 rit’
185 3675 210 3717 c.
230 3655 316 3719 3nn.
339 3655 498 3716 Plutarcho
526 3665 662 3717 constare
691 3647 809 3717 videtur
833 3657 981 3717 hominem
1006 3660 1057 3736 eqni
1081 3661 1167 3717 istam
1192 3667 1268 3719 tran·

103 3754 275 3833 quillitatem
305 3753 362 3814 sibi
387 3772 445 3814 non
471 3756 581 3832 pararit
606 3756 686 3813 curis
710 3746 904 3835 (φροντίδος
928 3749 1133 3838 ἐκραγείσης)
1156 3759 1269 3836 perire;

103 3851 137 3912 cl.
160 3847 214 3913 ‘De
232 3851 382 3930 tranquill.
403 3847 461 3911 an?
481 3850 523 3912 14
538 3854 615 3932 init.;
638 3849 681 3912 20
697 3853 745 3911 tin.

188 3948 301 4008 Eodem
329 3947 420 4008 libelli
448 3949 535 4008 nobis
562 3951 708 4027 propositi
736 3948 799 4008 loco
827 3952 918 4009 animi
945 3968 1015 4009 cura
1044 3953 1169 4030 quadam
1194 3952 1267 4012 urala

105 4046 217 4107 confusi
240 4048 331 4105 miser
354 4054 449 4105 status
472 4047 625 4106 confertur
648 4065 716 4106 cnm
735 4048 957 4125 perturbatione
982 4067 1056 4126 qnae
1077 4067 1150 4127 rupe
1170 4051 1269 4111 subito

105 4145 250 4205 incidente
279 4147 309 4203 in
338 4144 495 4221 tranquillo
525 4146 599 4203 mari
622 4145 730 4204 existit.
777 4143 886 4204 Similis
910 4147 1088 4223 comparatio
1112 4142 1166 4206 ‘lle
1191 4157 1268 4206 trau·

106 4240 180 4316 quill.
199 4237 260 4300 an.’
282 4238 387 4300 tine.
416 4241 464 4301 bis
493 4241 593 4303 verbis
623 4244 813 4305 continetur:
840 4238 933 4304 ‘nitu
961 4261 1026 4313 τις
1049 4236 1183 4313 ἔξωθεν
1210 4235 1309 4308 culm

90 4331 350 4418 πάθονςῶσπερ
370 4336 544 4425 διαδρομὴ
563 4338 710 4428 γένηται
730 4337 948 4414 σπιλάδος
976 4365 1023 4388 --
1036 4333 1104 4393 *ite
1116 4334 1195 4386 dux.
1207 4319 1339 4380 exibi:
