2754 4656
589 259 809 322 „37-

201 437 257 499 Sed
287 438 360 498 baec
389 439 476 498 missa
505 438 647 498 iaciamus
675 449 706 499 et
732 441 901 499 accuratius
929 439 1117 521 definiamus,
1145 445 1283 520 quaesit

114 527 190 596 iuter
211 535 305 596 libros
329 535 416 596 nobis
439 536 474 595 ad
499 535 686 596 tractandum
709 539 878 616 propositos
903 538 1099 598 necessitudo.

197 632 320 695 Praeter
344 652 376 694 ea
401 651 476 712 quae
500 635 555 694 iam
579 634 665 694 attuli
687 637 718 694 in
743 636 848 714 capitis
869 631 908 696 11
934 637 1018 695 initio
1038 634 1165 695 Zenonis
1188 655 1280 697 enun-

106 728 212 792 tiatum
241 731 534 792 animadvertendum
562 742 619 812 est,
648 733 726 811 quod
752 731 837 792 nobis
861 735 990 793 innotuit
1013 735 1101 793 etiam
1125 730 1178 793 ‘lle
1203 741 1280 794 tran·

101 828 191 906 quill.
209 824 268 890 am'
288 826 317 908 6,
335 825 450 909 4751),
476 828 528 890 ubi
552 830 653 890 eadem
677 830 739 890 lere
763 829 852 890 verba
876 830 1015 890 redeunt:
1044 830 1079 891 cl.
1104 826 1156 890 ‘lle
1181 827 1280 892 erilio'

101 914 207 986 ‘vodo
228 922 311 1007 perol
333 933 401 987 τῶν
419 923 581 1008 φορτίων’
601 961 644 970 -
664 923 717 987 ‘lle
737 926 885 1006 tranquill.
901 923 959 987 an’
979 922 1074 999 ’ναῦς
1091 924 1279 1007 φορτηγός.

98 1015 234 1084 Zenonis
263 1026 357 1103 ipsius
384 1022 499 1085 verbat.
516 1014 612 1104 εεὖγ’,
640 1016 666 1085 ὦ
697 1021 801 1105 Τύχη,
830 1030 948 1103 ποιεῖς,
977 1022 1025 1097 εἰς
1050 1023 1197 1104 τρίβωνα
1224 1020 1279 1085 καὶ

99 1120 184 1197 βίον
200 1119 391 1201 φιλόσοφον
410 1116 650 1183 συνελαύνονο’
674 1117 769 1202 ἡμᾶς’
789 1130 847 1182 tam
868 1133 1005 1182 accurate
1025 1124 1112 1182 etiam
1132 1118 1185 1182 ‘lle
1201 1131 1279 1184 trau-

103 1219 188 1298 quill.
207 1213 267 1280 an.'
285 1219 304 1280 l.
323 1219 341 1279 l.
364 1227 542 1297 repetuntur
566 1214 636 1304 (pro
656 1215 715 1293 ‘seg
732 1218 808 1298 βίον
827 1214 1030 1298 φιλόσοφον
1049 1218 1142 1280 babes
1161 1219 1202 1279 ibi
1221 1216 1280 1294 ‘sle

102 1313 169 1395 τὴν
192 1312 327 1397 Στοάν’,
355 1317 433 1396 quod
461 1317 539 1377 idem
568 1318 630 1378 lere
657 1313 731 1400 est),
760 1326 793 1377 ut
816 1335 853 1377 nc
877 1317 933 1376 boc
958 1317 1078 1404 quidem
1102 1320 1184 1378 casui
1208 1321 1278 1378 assi·

108 1433 195 1492 guare
228 1416 392 1495 possimus3
423 1417 513 1475 immo
546 1417 576 1475 in
611 1423 738 1493 utroque
771 1413 845 1473 libro
879 1413 1071 1474 Plutarchum
1104 1433 1140 1474 ex
1174 1416 1277 1476 eodem

111 1521 226 1572 auctore
246 1513 322 1573 hauc
342 1512 595 1573 narratiunculum
615 1514 804 1572 arcessivisse
824 1530 859 1571 eo
878 1511 1077 1572 confidentius
1096 1513 1276 1573 contendere

111 1610 228 1670 audeam
253 1610 333 1689 quod
352 1605 405 1670 ‘lle
425 1604 524 1670 exilio'
547 1610 565 1670 l.
585 1610 603 1672 l.
627 1628 660 1669 ea
685 1628 744 1670 uon
768 1619 835 1686 apte
860 1609 985 1687 quadrat
1007 1611 1038 1668 in
1062 1613 1275 1670 sententiarum

110 1725 228 1787 nexum,
256 1726 325 1767 cum
353 1709 382 1768 in
408 1706 533 1767 Zenonis
562 1707 640 1767 dicto
670 1707 789 1766 minime
814 1706 849 1765 de
874 1706 961 1766 exilio
987 1724 1034 1765 res
1059 1708 1109 1787 sit3
1139 1725 1275 1768 necnon

110 1807 254 1866 intrusum
277 1806 305 1865 id
327 1823 391 1866 esse
411 1824 446 1866 ex
467 1804 614 1865 simillimo
635 1807 848 1864 sententiarum
868 1803 971 1864 ordine
991 1813 1112 1883 apparet
1131 1823 1166 1865 ex
1186 1803 1276 1865 libelli

110 1898 157 1963 ‘ne
186 1903 329 1982 capienda
359 1921 394 1962 ex
422 1904 550 1963 inimicis
578 1897 717 1962 utilitate'
745 1901 848 1962 eodem
873 1901 934 1961 lere
957 1910 1091 1980 tempore
1115 1905 1277 1981 conscripti

110 1993 145 2082 (v.
169 2018 260 2078 sopra
282 2018 311 2079 p.
332 1996 386 2080 75,
414 1993 494 2082 adn.)
523 2002 618 2078 capite
643 1997 676 2075 2,
706 1999 757 2060 ubi
784 2000 813 2058 iu
843 1999 946 2059 eodem
969 2017 1062 2078 paene
1087 2018 1163 2060 nexu
1188 2010 1276 2079 atque

111 2093 157 2160 ‘lle
181 2097 332 2178 tranquill.
351 2093 408 2159 an'
431 2095 451 2160 6
480 2098 535 2158 boo
560 2097 687 2158 Zenonis
715 2099 900 2157 enuntiatum
929 2098 1052 2157 allartur
1081 2106 1109 2157 et
1133 2100 1276 2176 pecuniae

111 2198 258 2257 amissioni
281 2214 368 2275 quam
392 2193 469 2255 Zeno
493 2213 654 2275 perpessus
678 2204 723 2256 cst
746 2190 917 2274 ‘suspicion
940 2189 1112 2275 στέρησις,
1136 2194 1275 2273 Diogenis

110 2294 239 2373 exemplo
263 2292 422 2373 illustrata,
446 2296 614 2372 opponitur.

192 2392 264 2452 Post
282 2391 364 2452 illum
384 2409 542 2451 excursum
562 2391 630 2451 inde
651 2410 665 2450 a
685 2393 780 2469 capite
798 2388 838 2450 12
854 2392 961 2450 iterum
977 2392 1135 2469 exponitur
1155 2390 1274 2451 exilium

109 2491 170 2566 plus
193 2490 300 2552 allerre
324 2489 394 2549 boni
418 2507 505 2568 quam
530 2489 598 2549 mali
623 2489 733 2548 homini
757 2490 891 2567 sapienti.

191 2587 273 2658 Quae
302 2585 530 2647 deliberationes
559 2605 626 2647 cum
654 2585 721 2646 libri
746 2581 799 2645 ‘lle
823 2585 972 2664 tranquill.
992 2580 1048 2645 an'
1073 2586 1221 2664 capitibus
1244 2588 1274 2667 4,

102 2680 133 2763 5,
159 2685 194 2767 8,
220 2683 274 2765 14,
300 2681 341 2746 15
365 2691 420 2745 etc.
444 2683 518 2744 bene
542 2686 727 2762 conspirant3
751 2701 818 2743 nam
842 2685 951 2743 iterum
974 2683 1128 2743 decantata
1151 2683 1199 2744 illa
1224 2684 1274 2744 bo·

99 2797 209 2845 norum
234 2781 430 2842 etmalorum
455 2783 633 2860 commixtio,
657 2780 801 2841 hocloco
825 2780 861 2840 ad
884 2779 1003 2840 exilium
1023 2798 1172 2862 conversa,
1196 2800 1274 2841 com-

96 2881 274 2961 mendatum
306 2880 343 2940 cl.
376 2882 455 2940 enim
487 2898 514 2959 p.
539 2876 649 2941 6040:
683 2874 752 2958 ‘crin
783 2883 892 2957 φυγῆς
922 2874 1005 2958 πρὸς
1036 2874 1073 2938 ἓν
1104 2873 1204 2959 μέρος
1236 2877 1273 2940 τὸ

91 2971 247 3053 ἄδοξον
271 2972 541 3058 ἐντεινόμενοι
564 2970 801 3060 (³1tetranqutll.
821 2972 878 3036 an'
898 2994 923 3036 c.
938 2974 972 3036 8:
997 2970 1274 3060 “ἐντείνομεν’)

90 3081 336 3157 παρορῶμεν
357 3069 426 3159 (Ἧε
445 3073 594 3153 tranquill.
614 3068 672 3134 an'
695 3092 720 3133 c.
740 3070 773 3134 8:
798 3068 1015 3155 ‘aoepopdv',
1039 3092 1063 3134 c.
1085 3071 1139 3135 14:
1164 3069 1274 3154 ‘nop-

89 3166 281 3259 ppo’aotv')
318 3169 388 3251 τὴν
425 3167 735 3252 ἀπραγμοσύνην
768 3164 824 3231 καὶ
854 3168 916 3250 τὴν
948 3167 1094 3251 σχολὴν
1125 3165 1179 3232 καὶ
1211 3168 1273 3250 τὴν

89 3265 313 3347 ἐλευθερίαν
358 3262 399 3351 (c.
432 3268 452 3330 2
494 3271 651 3330 coniuncta
693 3279 776 3328 sunt:
822 3263 948 3348 ‘puysie
987 3262 1042 3329 καὶ
1083 3263 1273 3349 ἀδοξίας’;

88 3361 419 3450 “ἀπρανμοσύνη’
449 3374 481 3426 ut
509 3367 589 3426 exilii
617 3366 803 3426 commodum
829 3365 996 3426 celebratur
1021 3385 1087 3427 oum
1111 3366 1183 3426 alias
1208 3375 1272 3427 tum

92 3485 125 3528 o.
151 3463 186 3546 3,
210 3462 317 3527 GOOA.
368 3459 559 3545 ‘Excidat'
587 3464 678 3523 habes
707 3466 793 3523 etlam
823 3458 880 3526 ‘ue
905 3463 1053 3543 tranquill.
1073 3459 1130 3526 an.·'
1154 3462 1218 3525 ο.8
1243 3473 1272 3524 et

94 3583 126 3626 c.
149 3556 213 3646 14).
244 3595 286 3604 —
315 3561 376 3622 Nec
407 3560 524 3623 silentio
553 3563 717 3640 praeterire
746 3562 814 3621 licet
842 3560 933 3621 libelli
962 3557 1019 3621 ‘lle
1042 3561 1191 3641 tranquill.
1216 3558 1274 3621 an'

95 3662 209 3740 capitis
229 3658 248 3719 6
272 3660 403 3738 priorem
426 3670 550 3741 partem,
574 3678 661 3738 quam
681 3661 712 3720 in
731 3658 835 3719 eodem
855 3660 1068 3718 sententiarum
1088 3676 1165 3718 nexu
1185 3666 1272 3737 atque

97 3760 199 3838 capita
222 3755 254 3837 4,
277 3752 306 3836 5,
331 3753 360 3837 8,
385 3752 497 3837 14,15
520 3756 619 3817 locum
642 3759 775 3817 tenuisse
799 3774 887 3834 supra
913 3756 1063 3816 evicimus.
1105 3755 1162 3816 Ubi
1185 3754 1272 3834 paulo

99 3865 171 3936 post
202 3853 329 3914 Zenonis
365 3852 438 3913 illud
476 3856 661 3914 enuntiatum
698 3856 723 3912 is
757 3854 808 3932 qui
841 3886 883 3896 -
917 3855 962 3913 uti
992 3851 1201 3914 Menemacbus
1229 3887 1272 3897 -

100 3950 231 4034 ‘pellan
268 3946 440 4031 μνώμενος
472 3946 634 4031 ἡγεμόνος
665 3946 818 4030 ἀπώσθρ’
856 3950 1057 4030 praedicatur,
1095 3954 1163 4029 quia
1196 3954 1272 4010 vivat

103 4045 302 4122 ‘anacteam
322 4041 378 4109 καὶ
401 4044 690 4130 ἀπραγμόνως’;
717 4048 797 4108 idem
820 4050 911 4126 igitur
934 4047 1042 4108 malum
1067 4049 1144 4126 quod
1169 4047 1273 4126 pleris-

105 4167 161 4228 que
189 4148 307 4209 videtur
331 4156 361 4207 et
383 4142 436 4208 ‘ne
460 4146 609 4226 tranquill.
630 4140 686 4208 an'
710 4147 728 4206 l.
747 4145 764 4207 l.
790 4156 819 4205 et
842 4141 895 4206 ‘lle
914 4140 1013 4205 exilio'
1038 4164 1062 4205 c.
1079 4143 1121 4207 12
1136 4147 1184 4205 lm.
1208 4164 1272 4204 eam

100 4249 226 4306 maxima
249 4243 287 4305 ob
310 4263 430 4307 causam
454 4245 604 4330 laudatur,
628 4247 701 4330 quia
718 4247 817 4308 otium
833 4244 874 4306 ad
890 4243 996 4305 studia
1006 4240 1196 4321 p‘u'uossqma
1204 4239 1302 4310 pm

88 4342 292 4402 necessarium
324 4361 359 4403 ex
391 4365 427 4406 eo
457 4346 633 4412 lucremur.
679 4347 728 4412 ut.
757 4347 856 4408 et‘iam
882 4339 1026 4421 §inquiat
1043 4333 1111 4394 *be
1133 4321 1232 4388 saluis*
1257 4320 1340 4375 m.
