2754 4656
568 86 784 151 .-96-

96 272 146 347 qui
170 273 200 328 in
219 264 360 328 ‘asuleo'
380 269 424 327 vel
444 264 580 348 ‘poyeio’
601 269 675 328 sorte
694 268 855 327 inciderint
873 267 946 327 haec
966 269 1152 328 incommoda
1173 287 1274 347 aequo

94 370 191 426 auium
216 365 300 425 l'acile
324 367 402 424 l'erre
426 384 514 442 posse
538 361 588 446 (cl.
609 361 662 424 ‘De
683 365 831 442 tranquill.
850 361 908 424 an'
928 384 952 424 c.
968 363 989 424 4
1004 358 1084 448 init.)
1107 384 1162 426 nec
1182 366 1275 426 aliter

94 464 205 523 iudicat
227 464 258 522 in
282 460 347 522 c.4
371 464 406 522 de
432 472 604 541 paupertate
628 473 658 521 et
681 458 831 544 (ἀδοξίᾳῖ
875 465 1033 540 Aptissime
1058 463 1116 523 huc
1141 464 1273 542 quadrat

94 558 148 621 ‘lle
168 561 316 638 tranquill.
336 556 394 619 an.'
419 579 443 619 c.
463 557 492 639 6,
516 559 569 620 ubi
589 559 663 620 Plut.
683 578 734 618 eos
754 559 924 619 consolatur
949 562 1000 637 qui
1024 571 1200 638 paupertate
1226 560 1273 620 vel

94 658 181 718 exilio
205 658 250 717 vel
275 676 430 717 munerum
455 659 612 717 amissione
633 666 784 717 vexantur.
827 653 880 716 ‘be
902 660 965 716 virt.
986 668 1016 716 et
1035 654 1096 718 vit.'
1116 658 1272 717 hominem

94 759 143 816 cui
171 750 286 828 ἀδοξία
313 755 421 815 accidit
444 755 595 833 praedicat
618 765 651 814 ut
675 750 730 833 ‘pq
755 751 1015 834 qodovodpevov’,
1044 751 1097 814 ‘lle
1116 756 1273 834 tranquill.

94 849 152 914 an'
176 852 193 913 l.
213 852 244 930 l.,
269 856 336 931 qula
363 855 449 912 vitam
474 853 561 931 degat
585 848 805 925 ‘txtvoovogt

183 949 264 1020 Quae
288 953 384 1009 omnia
410 953 433 1008 sl
459 953 488 1009 in
513 954 610 1010 animo
634 957 779 1027 tenemus,
804 958 939 1009 constare
964 950 1081 1009 videtur
1102 949 1196 1010 lihclli
1216 947 1272 1010 ‘De

95 1051 160 1107 virt.
181 1056 211 1107 et
230 1044 291 1107 vit.'
318 1049 404 1106 linem
435 1049 691 1107 commentationis
715 1043 768 1106 ‘be
789 1046 936 1125 tranquill.
956 1044 1014 1106 an'
1037 1066 1099 1126 cap.
1120 1046 1141 1106 4
1160 1066 1185 1107 e.
1203 1066 1231 1126 q,
1247 1067 1271 1107 s.

95 1147 201 1222 excipi,
225 1145 276 1204 ubi
301 1139 349 1203 ‘ab
373 1141 571 1223 μεθιστάναι
594 1142 655 1223 τὴν
678 1141 780 1223 τύχην
800 1140 920 1204 ἐκτῶν
939 1140 1147 1224 ἆβουλήτων’
1172 1145 1272 1205 fusius

95 1242 274 1302 describitur
293 1251 324 1301 et
343 1241 468 1319 singulis
487 1242 706 1320 conquebatur,
729 1252 760 1301 ut
781 1261 839 1300 non
858 1242 980 1301 dubium
1002 1245 1040 1302 sit
1059 1247 1130 1322 quin
1151 1252 1269 1304 utrum-

94 1360 152 1420 que
177 1339 313 1400 volumen
338 1339 433 1398 eidem
458 1343 670 1399 commentario
689 1340 725 1398 ab
745 1339 946 1399 Chaeronensi
965 1340 1096 1401 adhibito
1116 1343 1272 1419 assignan-

94 1439 164 1498 dum
189 1441 235 1497 sit.

183 1534 431 1604 Quaestiunculae
455 1531 508 1593 ‘lle
530 1536 594 1594 virt.
615 1543 644 1594 et
663 1531 725 1593 vit.'
754 1534 906 1594 exordium
931 1538 1003 1595 satis
1026 1536 1187 1615 abruptum
1213 1547 1271 1619 est,

94 1650 162 1693 cum
187 1633 222 1691 ad
242 1635 348 1709 capitis
370 1631 385 1692 1
408 1633 535 1692 indolem
555 1632 695 1710 respiciat
714 1631 832 1709 quidem
854 1651 908 1691 nec
928 1652 1006 1714 vero,
1030 1634 1058 1693 id
1079 1634 1158 1712 quod
1179 1654 1268 1715 quam

96 1733 220 1790 maxime
245 1730 461 1808 desideramus,
484 1729 562 1789 illam
588 1730 755 1788 accuratius
780 1728 915 1789 illustret.

184 1830 319 1887 Attamen
352 1827 423 1886 mihi
457 1827 636 1905 persuadere
669 1845 728 1885 non
760 1845 880 1904 possum
910 1829 941 1885 in
969 1827 1123 1889 codicibus
1151 1839 1269 1890 tantum

95 1926 169 1984 hanc
202 1924 530 1984 commentatiunculam
566 1924 727 1984 mutilatam
761 1943 839 2004 esse3
872 1927 961 1983 immo
995 1927 1024 1984 in
1058 1944 1146 1986 suum
1180 1946 1268 1988 usum

94 2022 170 2082 Plut.
195 2021 267 2081 haec
296 2022 392 2080 omnia
416 2021 496 2080 nulla
521 2030 584 2081 arte
608 2021 807 2099 conglutinata
832 2025 1011 2101 composuit,
1040 2030 1073 2083 ut
1096 2032 1202 2101 postea
1225 2028 1286 2085 eis·

94 2122 137 2178 uti
161 2129 274 2198 posset,
299 2120 418 2178 minime
442 2128 540 2178 autem
565 2120 628 2197 ipse
652 2121 738 2178 istam
764 2119 934 2178 schedulam
959 2119 1069 2197 publici
1092 2122 1169 2181 iuris
1190 2125 1268 2184 l'ecit.

94 2216 175 2285 Quae
203 2218 348 2275 sententia
373 2235 408 2275 eo
432 2225 606 2294 argumento
630 2216 778 2276 stabilitur
803 2218 880 2294 quod
906 2217 1024 2276 eaedem
1048 2217 1134 2295 plane
1158 2223 1269 2298 cogita-

94 2316 190 2373 tiones
215 2313 305 2372 multo
329 2315 478 2391 copiosius
503 2313 692 2373 adumbratae
712 2316 800 2372 etiam
820 2317 850 2372 in
871 2313 946 2372 libro
965 2309 1018 2372 ‘De
1038 2316 1190 2393 tranquill.
1209 2314 1269 2379 an’

94 2403 252 2492 exstantl)
304 2409 378 2490 lloc,
409 2410 505 2488 quoad
535 2414 663 2489 pertinet
691 2411 726 2470 ad
756 2407 814 2469 ‘lle
836 2410 982 2488 tranquill.
1001 2407 1060 2470 an'
1083 2430 1108 2472 c.
1128 2410 1215 2476 3fiu.
1239 2426 1268 2475 et

93 2506 196 2586 tinto,
211 2510 268 2566 iam
284 2509 355 2566 satis
370 2510 575 2588 exposuimus,
594 2510 709 2568 accedit
724 2508 800 2587 quod
817 2507 926 2566 Heinze
942 2500 1010 2590 (llh.
1022 2508 1058 2568 Μ.
1068 2506 1122 2591 45,
1131 2508 1199 2572 499
1207 2507 1267 2596 sq.)

94 2607 204 2683 optime
233 2604 446 2663 demonstravit
473 2604 541 2664 libri
570 2602 628 2665 ‘De
654 2609 718 2666 virt.
739 2615 768 2665 ct
788 2601 848 2664 vit.'
877 2605 978 2685 tinem,
1012 2609 1064 2684 qui
1090 2609 1172 2669 iusto
1201 2608 1266 2671 bre·

94 2705 156 2761 vior
179 2701 265 2761 nobis
289 2701 452 2781 videbatur,
479 2701 547 2761 libri
569 2699 621 2762 ‘lle
642 2703 790 2780 trarrquill.
811 2698 869 2762 an'
892 2704 1039 2781 capitibus
1061 2701 1083 2765 b
1103 2717 1133 2765 et
1153 2703 1175 2767 6
1198 2726 1266 2769 oon·

94 2800 212 2860 tinuari.
262 2801 300 2858 dt
333 2799 436 2876 salsus,
474 2802 505 2858 ni
538 2799 635 2880 fallor,
672 2800 748 2859 idem
782 2809 840 2879 est,
873 2820 940 2860 cum
974 2811 1076 2862 censet
1110 2803 1266 2887 bucusque

95 2907 207 2956 tantum
232 2906 388 2975 utramque
414 2897 653 2957 dissertationem
677 2899 870 2978 concordare,
899 2917 965 2958 nam
991 2899 1035 2958 vel
1058 2919 1095 2960 ex
1118 2904 1266 2982 capitibus

97 2992 149 3068 12,
178 2992 230 3074 14,
258 2991 310 3073 lt,
336 2991 391 3073 19,
415 2991 458 3054 20
486 2994 564 3054 haud
594 3014 685 3074 pauca
714 2996 819 3055 lucrati
845 3015 947 3056 sumus
974 3016 1049 3075 quae
1072 3000 1195 3061 minime
1218 3000 1265 3061 ab·

93 3090 217 3150 horrent
240 3091 275 3150 ab
300 3091 391 3151 libelli
414 3092 451 3151 de
474 3112 532 3170 quo
553 3093 641 3153 verba
660 3094 785 3153 iacimus
803 3093 911 3153 indole.
949 3095 1030 3164 Quae
1050 3114 1119 3156 cum
1138 3099 1178 3158 ita
1198 3100 1265 3181 sint,

95 3207 152 3248 non
190 3187 292 3248 dubito
331 3191 402 3266 quin
435 3192 491 3248 ista
524 3189 784 3250 dissertatiuncula
817 3192 972 3251 reserenda
1006 3194 1043 3252 sit
1076 3196 1156 3254 inter
1188 3214 1264 3257 com-

95 3288 254 3345 mentarios
284 3285 363 3365 illos,
393 3304 519 3363 quorum
546 3299 650 3346 auctor
673 3284 727 3347 ‘lle
748 3288 895 3367 tranquill.
915 3285 973 3348 an’
997 3289 1058 3350 c.1
1085 3294 1263 3354 mentionem

95 3385 164 3444 lacit
189 3402 323 3462 quosque
347 3386 376 3442 iu
399 3383 494 3443 Paccii
518 3387 603 3443 amici
630 3404 714 3444 usum
739 3404 771 3444 se
795 3388 983 3446 contexuisse
1006 3390 1070 3465 ipse
1091 3389 1212 3472 latetur,
1234 3400 1330 3451 uls

94 3484 168 3541 ratio
192 3499 249 3559 qua
273 3481 348 3541 Plut.
372 3481 464 3541 libros
488 3501 558 3541 suos
582 3485 749 3560 composuit
773 3487 843 3542 satis
868 3486 1025 3562 perspicua
1051 3485 1110 3546 liat.

183 3577 335 3637 Eiusmodi
368 3577 460 3637 libelli
492 3580 537 3639 vel
571 3583 670 3657 potius
703 3579 828 3638 schedae
856 3581 1024 3658 complures
1052 3583 1083 3642 in
1111 3583 1284 3645 llloralluo·
1372 3614 1377 3641 t

95 3693 219 3753 corpore
249 3683 381 3734 servatae
410 3686 491 3756 sunt,
520 3695 593 3755 quas
620 3679 728 3755 partim
754 3676 941 3737 librariorum
966 3678 1051 3757 culpa
1075 3680 1374 3747 detruncata-*affl

94 3775 201 3850 partim
225 3770 384 3830 Plutarcho
413 3777 581 3851 suppositas
610 3793 675 3833 esse
700 3774 833 3833 homines
858 3775 938 3835 docti
962 3779 1171 3861 coniecerunt,
1199 3796 1319 3841 cut-1

94 3888 194 3929 earum
219 3877 248 3928 et
273 3872 438 3928 sententiae
462 3879 492 3930 et
515 3871 607 3930 torma
633 3875 753 3931 minime
773 3872 918 3949 expolitae
937 3892 992 3933 nec
1012 3878 1206 3953 quaestiones
1224 3880 1373 3945 imn-

92 3967 215 4026 cobatae
239 3966 273 4025 ad
299 3976 414 4026 certum
439 3970 526 4027 lmem
549 3969 692 4029 deductae
717 3971 784 4028 sint.
865 3964 886 4001 ⁶

146 4164 173 4226 l)
193 4165 233 4219 οἰ
257 4167 440 4244 Volkmann,
465 4175 606 4234 Plutarch
626 4179 655 4233 11
672 4184 742 4234 101.
