2754 4656
558 253 792 316 -111-

95 443 224 496 mentum
247 443 361 496 tantum
385 434 472 495 nobis
495 444 643 493 serratum
668 450 733 492 esse
752 431 894 510 plenioris
914 434 1178 511 commentationis,
1203 432 1259 491 lor-

96 541 169 592 tasse
189 535 253 593 eius
274 550 348 609 quae
367 534 397 590 in
412 531 566 609 Lampriae
586 528 716 608 catalogo
736 538 985 588 commemoratur
1005 530 1059 588 sub
1078 549 1121 589 nr.
1132 528 1261 588 LXXXV

95 619 293 709 ’Ἀμμώνιος
311 623 331 706 ἢ
350 622 426 708 περὶ
444 634 505 688 τοῦ
523 625 567 707 μὴ
584 623 689 705 ἡδέως
702 633 742 708 τῇ
756 627 853 709 κακίᾳ
867 623 1047 708 concinnast,
1066 647 1132 688 nam
1152 631 1259 688 mirum

95 739 170 786 esset
198 735 242 785 tot
270 727 432 803 fragmenta
461 736 534 804 quot
562 725 806 803 perlustravimus
833 729 862 784 in
886 727 1005 804 scriptis
1030 725 1189 785 llloralihus
1213 744 1260 784 ex-

95 834 179 903 stare,
203 833 236 883 ut
258 826 371 883 rectius
390 824 521 883 iudicare
542 823 614 882 mihi
634 824 733 882 ridear
751 840 854 881 omnes
873 822 926 882 has
947 822 1261 883 commentatiunculas

95 941 110 981 a
131 921 290 982 Plutarcho
317 940 376 982 non
400 921 543 1000 expolitas
567 921 618 980 sed
643 919 767 980 schedas
790 938 869 998 esse,
898 918 1007 998 quibus
1031 923 1116 998 qtrasi
1139 921 1261 980 materie

95 1022 247 1080 occasione
275 1019 340 1079 data
369 1019 403 1078 ad
433 1018 525 1078 libros
549 1021 675 1078 maiores
699 1017 931 1077 conscribendos
955 1027 985 1077 et
1008 1019 1193 1078 exornandos
1218 1021 1261 1078 uti

95 1116 215 1178 volebat.

181 1200 241 1273 Nec
261 1216 400 1274 assentiri
419 1232 541 1291 possum
560 1213 670 1273 llcnsio
690 1205 823 1295 (l'eletea
843 1232 870 1290 p.
886 1211 1043 1293 LXXXIX,
1063 1207 1153 1295 adn),
1176 1216 1262 1274 cuius

96 1331 129 1371 en
149 1314 296 1372 sententia
316 1312 364 1372 hic
384 1303 499 1372 libellus
518 1307 597 1371 ‘cum
618 1320 773 1370 truncatus
793 1329 847 1369 nec
867 1311 1057 1370 mediocriter
1075 1307 1262 1390 depravatus’

96 1419 156 1469 tum
189 1428 205 1468 a
232 1409 392 1470 Plutarcho
425 1428 549 1488 prorsus
581 1409 794 1469 abiudicandus
823 1417 880 1488 est,
913 1409 990 1487 quod
1020 1428 1074 1469 cur
1102 1418 1187 1487 putet
1215 1411 1262 1469 hic

95 1506 180 1566 homo
205 1507 396 1568 doctissimus
420 1526 478 1567 nou
503 1510 574 1568 satis
597 1506 749 1584 intelleg03
774 1525 839 1565 uam
864 1509 954 1566 totins
979 1507 1068 1567 huius
1093 1511 1262 1586 quaestiun-

95 1604 176 1664 culae
205 1609 425 1685 argumentum,
454 1623 512 1682 quo
541 1604 751 1681 comprobatur
779 1622 866 1663 unam
895 1605 1085 1664 vitiositatem
1114 1605 1262 1665 hominem

94 1701 241 1762 infelicem
274 1701 413 1782 reddere,
446 1703 594 1761 fortunam
628 1701 699 1760 nihil
730 1709 831 1760 contra
861 1705 1024 1779 sapientem
1054 1703 1162 1784 valere,
1195 1722 1263 1765 cum

95 1803 224 1861 omnium
250 1799 415 1859 libellorum
440 1818 528 1882 supra
553 1808 746 1859 tractatorum
770 1799 867 1858 indole
888 1809 945 1859 tam
966 1801 1041 1861 hene
1061 1805 1207 1877 convenit,
1231 1811 1264 1862 ut

95 1897 164 1958 mihi
194 1897 314 1976 quidem
342 1898 446 1957 eodem
475 1900 537 1958 lere
565 1907 698 1975 tempore
726 1907 756 1956 et
780 1896 815 1955 ab
839 1897 941 1957 eodem
966 1910 1086 1959 auctore
1110 1909 1198 1978 atque
1221 1899 1264 1959 illi

93 1997 261 2075 conscripta
286 2013 350 2055 csse
376 1996 518 2055 rideatur.

182 2092 243 2153 Nec
276 2111 311 2152 eo
340 2091 437 2153 Hense
470 2094 526 2153 niti
554 2100 652 2171 potest
680 2092 757 2169 quod
787 2092 924 2171 Cynicam
952 2095 1025 2155 haec
1055 2097 1264 2155 commentatio

96 2189 210 2251 redolet
229 2190 407 2263 doctrinam;
431 2208 498 2249 nam
518 2191 694 2269 Cynicorum
715 2189 960 2269 apophthegmata
980 2211 1054 2271 quae
1074 2194 1187 2272 profert
1206 2211 1264 2252 non

96 2291 195 2367 ignota
219 2289 311 2348 luisse
337 2289 537 2348 Chaeronensi
560 2306 594 2346 ex
620 2288 684 2346 aliis
708 2291 772 2346 eius
796 2290 915 2365 scriptis
939 2288 1045 2367 elucet,
1069 2308 1127 2367 quo
1151 2288 1265 2349 accedit

95 2386 172 2464 quod
199 2389 308 2463 partim
332 2386 452 2446 eaedem
477 2388 582 2464 partim
607 2384 720 2445 similes
742 2384 912 2444 historiolae
937 2396 1025 2465 atque
1049 2388 1080 2446 in
1103 2387 1160 2446 hoc
1184 2385 1263 2446 volu-

95 2487 174 2545 mine
197 2483 234 2543 de
254 2484 391 2563 Diogene,
415 2482 565 2563 llletrocle,
589 2483 715 2562 Cratete,
739 2482 896 2542 Theodoro
915 2483 1010 2564 atheo,
1035 2484 1156 2544 Socrate
1176 2486 1263 2544 etiam

93 2584 124 2641 in
149 2581 234 2641 lihrIs
254 2577 306 2640 ‘lle
327 2581 474 2660 tranquill.
495 2575 552 2640 anf
576 2589 607 2639 et
625 2577 679 2639 ‘lle
699 2577 797 2640 exilio’
823 2589 990 2641 narrantur.
1032 2581 1160 2641 Etcum
1185 2581 1263 2641 haud
1333 2609 1336 2615 ·

93 2678 169 2739 male
197 2678 295 2738 Hense
329 2681 464 2738 evincere
499 2678 599 2738 studet
626 2696 686 2737 non
714 2678 849 2738 dubitare
879 2680 968 2739 licere
997 2674 1081 2758 ‘quin
1110 2698 1144 2738 ex
1173 2679 1265 2739 Bione

93 2778 258 2855 sumpserit
282 2788 386 2836 auctor
408 2777 523 2836 colores
542 2774 620 2836 haud
640 2778 680 2835 ita
699 2772 830 2857 paucos’,
853 2795 951 2837 nonne
970 2776 1026 2836 hoc
1045 2776 1120 2836 hene
1140 2777 1266 2854 quadrat

92 2877 124 2934 in
144 2893 238 2954 suam,
257 2873 380 2954 lleinzii,
399 2873 548 2935 Gieseckii
567 2875 754 2951 sententiam,
774 2875 936 2934 secundum
957 2893 1044 2953 quam
1059 2875 1264 2953 Borysthenita

92 2973 151 3033 luit
175 2980 294 3051 praeter
318 2973 487 3032 Aristonem
511 2971 644 3032 Stoicum
668 2973 827 3048 primarius
850 2971 1002 3032 Plutarchi
1025 2969 1150 3033 auctor?

183 3070 221 3129 At
249 3071 304 3128 iam
334 3070 369 3129 ad
396 3071 493 3147 ipsum
517 3069 649 3129 libellum
674 3087 761 3146 quem
787 3077 948 3129 tractamus
972 3072 1075 3148 paucis
1098 3073 1265 3129 examinan-

91 3167 165 3227 dum
188 3185 243 3225 nos
266 3169 461 3244 accingamus.

183 3264 217 3323 ln
244 3265 340 3342 primo
370 3267 466 3343 capite
489 3276 658 3323 noster-
681 3265 817 3325 similiter
840 3274 928 3344 atque
953 3267 982 3324 in
1007 3266 1105 3326 libello
1130 3261 1182 3325 ‘De
1208 3267 1265 3324 ior·

93 3357 178 3421 tuna'
203 3394 245 3402 -
269 3364 447 3440 principium
472 3363 546 3440 petit
570 3380 585 3420 a
610 3379 697 3421 versu
722 3363 847 3441 quodam
867 3362 1028 3441 Euripiden
1052 3357 1123 3448 (lrg.
1139 3359 1203 3424 775
1213 3357 1267 3445 N),

91 3469 123 3517 at
151 3460 258 3536 capitis
288 3461 405 3519 initium
434 3459 508 3518 male
532 3458 782 3540 mutilatumest,
810 3461 875 3537 pari
899 3459 985 3519 modo
1009 3468 1097 3539 atquc
1122 3460 1190 3520 libri
1214 3455 1267 3520 ‘lle

90 3555 329 3636 philosophando
363 3576 431 3618 cum
462 3551 662 3634 principihns’
694 3558 790 3635 prima
823 3556 924 3637 verba,
959 3576 1033 3636 quac
1066 3557 1147 3617 nullo
1182 3558 1267 3618 modo

93 3654 214 3712 restitui
242 3661 375 3730 possunt.
422 3652 631 3731 Exponehatur
661 3665 757 3715 autem
787 3654 828 3713 ihi
856 3657 919 3713 sinc
944 3654 1033 3714 dubio
1057 3655 1192 3716 homines
1217 3660 1268 3735 qui

93 3758 286 3810 externorum
312 3750 457 3810 honorum
477 3752 549 3810 satis
568 3750 748 3811 caducorum
768 3769 856 3811 causa
876 3752 1012 3810 fortunae
1033 3751 1145 3811 subditi
1163 3753 1269 3812 tierent

93 3866 204 3926 corpus
228 3866 316 3907 suum
340 3850 425 3926 quasi
448 3848 575 3907 vendere
599 3846 772 3909 stultissima
796 3850 920 3928 ratione,
945 3867 1012 3909 cum
1036 3847 1154 3909 illorum
1179 3849 1270 3909 hono-

96 3963 176 4026 rum,
204 3945 256 4005 uhi
284 3963 317 4004 ea
345 3947 542 4025 accepissent,
571 3939 768 4006 ’ἀπολαῦσαι
792 3939 835 4006 δι’
859 3941 1029 4025 ἀσχολίαν’
1053 3965 1112 4007 non
1137 3957 1268 4025 possent.

164 4041 313 4102 ⁴Fortuna
343 4052 500 4121 personata
527 4042 678 4103 inducitur
702 4053 736 4103 ut
759 4042 816 4104 ‘lle
835 4044 983 4123 tranquill.
1003 4037 1061 4103 an'
1086 4041 1126 4104 17
1152 4052 1182 4102 et
1205 4063 1267 4103 sae·

95 4142 171 4219 pius,
196 4159 253 4218 qua
278 4139 313 4198 de
338 4157 370 4198 re
392 4150 494 4219 postea
514 4157 647 4221 agemus,
670 4140 726 4201 hoc
746 4140 810 4202 loco
829 4142 859 4202 id
880 4150 993 4202 tantum
1012 4159 1146 4201 moneam
1167 4150 1267 4220 aptum

95 4256 160 4298 esse
189 4237 268 4297 hunc
298 4255 385 4296 usum
413 4237 566 4299 Plutarchi
594 4237 662 4299 stilo
690 4257 745 4299 nec
773 4242 942 4299 necessario
971 4239 1112 4319 Cynicum
1130 4223 1267 4319 'prodere

95 4344 256 4395 auctorem.
