2754 4656
565 228 784 290 ,57..

90 412 258 470 accuratius
280 411 432 488 inquirere
452 408 524 469 milri
542 409 637 489 liceat,
661 427 729 468 cum
749 426 784 467 ex
803 407 858 468 hac
878 410 1050 487 quaestione
1072 408 1116 467 via
1136 405 1262 484 quadam

89 526 123 568 ac
152 509 267 568 ratione
291 509 426 567 instituta
449 507 513 587 lux,
542 508 573 566 ni
596 505 693 582 fallor,
722 524 844 566 evasura
869 507 991 565 sitnon
1015 505 1110 566 solum
1134 505 1169 565 ad
1194 504 1261 577 Plu-

90 604 187 666 tarchi
216 605 357 665 moralem
386 605 551 666 doctrinam
579 602 825 685 adumbrandam,
855 603 1023 663 sedetiam
1052 603 1087 664 ad
1113 601 1264 663 scribendi

89 705 237 763 rationem
275 722 331 782 qua
366 720 437 762 usus
471 709 516 762 cst
548 709 578 761 et
610 701 645 761 ad
678 701 812 762 ordinem
847 720 905 780 quo
939 700 1163 761 dissertationes
1196 718 1264 760 suas

90 803 259 881 composuit
282 800 523 880 perspiciendum
547 799 626 859 haud
649 799 773 860 inutilis.

180 899 213 958 ln
246 897 384 959 omnibus
413 898 459 959 his
488 896 749 975 disputatiunculis
778 905 882 957 auctor
911 904 1011 957 noster
1035 896 1181 976 permulta
1206 914 1264 956 non
1297 963 1299 966 .

90 995 195 1057 dubito
224 998 295 1075 quin
325 1014 379 1056 suo
402 997 521 1074 ingenio
546 994 665 1075 debeat3
693 1013 748 1055 nec
773 1013 841 1056 vero
866 1013 985 1073 parvam
1009 1003 1123 1073 partem
1147 1002 1177 1054 et
1200 1012 1265 1053 sen·
1336 1021 1338 1023 ·

89 1095 252 1154 tentiarum
290 1112 363 1172 quas
400 1093 529 1154 illustrat
566 1101 595 1152 et
631 1091 834 1170 exemplorum
867 1092 976 1172 quibus
1009 1110 1098 1171 opera
1131 1109 1183 1151 sua
1217 1110 1264 1151 ex-

90 1198 179 1251 ornat
211 1209 246 1250 ex
275 1190 487 1251 vetustioribus
516 1189 689 1251 auctoribus
717 1192 745 1250 ei
773 1189 923 1251 allluxisse
952 1198 1184 1251 consentaneum
1212 1197 1266 1269 est,

91 1297 122 1349 et
145 1292 176 1348 in
200 1290 297 1348 omnia
321 1289 383 1349 lere
410 1287 556 1348 volrrmina
575 1287 752 1348 Plutarohea
777 1288 813 1347 de
834 1288 942 1366 quibus
961 1288 1142 1366 disputaturi
1162 1305 1265 1347 sumus

90 1387 198 1447 cadere
224 1387 341 1447 videtur
364 1386 437 1446 illud
462 1385 541 1465 qnod
564 1388 594 1445 in
619 1385 688 1445 libri
711 1380 797 1466 ‘maol
821 1381 994 1466 eoavptag'
1019 1387 1157 1463 inscripti
1181 1386 1266 1445 initio

90 1488 156 1563 ipse
194 1486 316 1546 latetur:
354 1479 569 1563 εἀνελεξοίμην
606 1478 681 1564 περὶ
718 1480 881 1564 εὐθυμίας
914 1479 954 1547 ἐκ
986 1490 1061 1545 τῶν
1093 1478 1267 1562 ὑπομνη-

91 1579 238 1663 μάτων,
268 1573 315 1643 ὧν
339 1578 468 1666 ἐμαυτῷ
492 1577 712 1661 πεποιημένος
735 1577 941 1662 ἐτύγχανον,
969 1601 1027 1660 quo
1052 1582 1117 1641 loco
1142 1579 1267 1640 Clraero-

92 1683 195 1740 nensis
224 1683 312 1743 etiam
341 1680 377 1740 de
407 1682 505 1740 causis
533 1698 588 1739 nos
617 1682 761 1739 certiores
789 1680 859 1739 lacit
886 1678 994 1758 quibus
1018 1687 1170 1756 permotus
1195 1677 1267 1737 tales

92 1778 162 1838 edat
189 1779 453 1838 commentationes
482 1772 691 1859 (“ηγούμενο’ς
717 1772 771 1838 καλ
795 1769 832 1838 σὲ
854 1775 914 1838 τὸν
938 1775 1039 1855 λόγον
1063 1781 1182 1838 τοῦτον
1206 1771 1267 1835 οὐκ

92 1871 283 1958 ἀκροάσεως
306 1871 402 1937 ἕνεκα
420 1869 618 1956 θηρωμένης
637 1874 891 1956 καλλιγραφίαν,
915 1869 998 1935 ἀλλὰ
1021 1872 1153 1955 χρείας
1177 1872 1267 1951 βιω-

92 1978 204 2053 τικῆς
228 1968 426 2054 ἐπιζητεῖν).

552 2257 731 2329 'CAPVT
760 2257 787 2329 Ι.

92 2397 139 2459 Do
154 2393 252 2459 *libro
281 2393 367 2480 ‘napi
391 2395 567 2479 sdnvptug'
590 2395 754 2498 inscripto
772 2394 844 2482 (‘De
868 2393 1110 2476 tranquillitate
1134 2395 1268 2480 animi’).

184 2557 243 2619 lam
268 2560 429 2640 videamus,
452 2559 600 2638 quomodo
624 2559 700 2620 Plut.
724 2559 804 2619 hunc
829 2553 915 2639 ‘saepi
939 2553 1112 2638 atevptog'
1136 2557 1268 2619 libellum

75 2660 309 2736 composuerit,
339 2666 375 2717 ut,
399 2658 518 2736 pateliat
546 2676 649 2718 revera
676 2675 744 2717 eum
768 2656 898 2735 pendere
923 2675 939 2716 a
962 2658 1182 2717 commentariis
1206 2659 1268 2716 suis

93 2755 213 2815 aliunde
236 2750 410 2836 collectis.1)

185 2852 226 2912 Ac
254 2855 350 2931 primo
379 2853 498 2931 quidem
527 2855 623 2931 capite
651 2853 789 2913 Paccium
819 2855 946 2912 amicum
974 2852 1119 2912 allocutus
1143 2852 1269 2912 affirmat

94 2953 259 3029 sapientem
293 2950 400 3009 decere
428 2945 506 3010 ‘adso
535 2949 659 3031 λόγων,
693 2948 765 3012 ὅσοι
793 2948 875 3031 πρὸς
902 2947 942 3011 τὰ
970 2947 1061 3030 πάθη
1091 2949 1268 3030 βοηθοῦσι,

93 3045 159 3130 πρὸ
178 3055 245 3108 τῶν
264 3043 385 3108 παθῶν
404 3043 642 3127 ἐπιμέλεσθαί,
662 3067 698 3108 ne
719 3050 816 3109 serius
835 3048 871 3107 ab
891 3051 1006 3114 ratione
1023 3045 1164 3107 auxillum
1179 3056 1268 3125 petat.
1372 3112 1375 3118 ,

185 3144 245 3205 lam
270 3163 339 3205 vero
364 3147 459 3224 capite
484 3145 575 3205 altero
600 3148 781 3225 propositam
805 3148 959 3205 materiem
984 3163 1140 3224 aggressus
1164 3144 1268 3204 Demo-

94 3245 204 3303 critum
228 3244 382 3320 impugnat
406 3275 448 3284 —
472 3261 539 3303 nam
563 3243 713 3303 hominem
737 3260 807 3302 voce
824 3237 903 3314 ‘atq'
923 3243 1119 3319 significatum
1141 3260 1269 3320 quocum

94 3344 125 3401 in
158 3343 264 3419 capitis
297 3341 380 3399 initio
412 3340 589 3419 digladiatur
617 3341 818 3400 democritum
847 3357 912 3399 esse
941 3339 1075 3418 homines
1104 3339 1184 3399 docti
1211 3342 1293 3399 iam·

93 3439 210 3518 pridem
239 3431 497 3517 perspexerunt.²)
543 3437 682 3498 Abderita
711 3440 790 3498 enim
819 3455 853 3496 ex
877 3435 1029 3496 Plutarchi
1057 3436 1176 3516 quidem
1204 3455 1268 3496 sen-

95 3539 189 3599 tentia
218 3554 284 3596 euni
315 3537 365 3613 qui
394 3537 484 3595 animi
511 3535 756 3615 tranquillitatem
785 3534 843 3594 sibi
866 3552 970 3612 parare
995 3543 1119 3612 cuperet
1142 3553 1269 3613 anago—

95 3637 145 3695 tiis
170 3641 200 3696 et
222 3632 350 3712 publicis
375 3641 404 3692 et
427 3635 550 3711 privatis
574 3651 605 3692 se
630 3632 779 3693 abstinere
799 3635 935 3693 iusserat.
979 3631 1033 3691 Cui
1052 3627 1269 3693 Chaeronensis

96 3733 220 3812 opponit
247 3749 307 3790 non
336 3725 521 3810 ’ἀπραξίαν
547 3729 698 3791 cardinem
722 3748 788 3790 esse
813 3728 1034 3807 tranquillitatis
1058 3738 1087 3789 et
1111 3729 1269 3810 felicitatis,

187 3993 214 4060 1)
238 3989 365 4044 Breviter
387 3989 471 4044 huius
493 3988 560 4045 libri
579 3989 808 4059 compositionem
829 3989 982 4059 perlustrat
1000 3987 1137 4043 Ricardus
1155 3988 1268 4058 Heiuze,

71 4136 73 4140 Ι
95 4073 148 4125 Rh.
159 4070 197 4124 Μ.
212 4076 256 4140 45,
271 4075 323 4123 497
336 4087 375 4139 sq.
397 4087 516 4138 quocum
535 4069 565 4124 in
583 4069 680 4124 multis
697 4071 780 4139 plane
795 4069 948 4138 consenti0,
968 4085 1137 4138 quamquam
1152 4086 1209 4123 nou
1223 4071 1269 4122 de·

96 4150 210 4206 suntin
229 4149 330 4218 quibus
349 4149 464 4205 minima
483 4149 511 4204 ei
529 4149 699 4219 adstipulari
717 4157 839 4219 possum.

187 4249 214 4380 ig
233 4248 267 4302 cf.
287 4247 393 4316 Hirzel,
412 4247 528 4303 Hermes
549 4253 595 4316 14,
612 4253 671 4302 368.
708 4246 832 4316 Natorp,
857 4246 909 4301 Die
928 4220 1035 4302 Etliilra
1052 4247 1103 4302 des
1121 4246 1271 4303 Demolrrit

95 4347 122 4398 p.
139 4334 182 4382 aa.
216 4333 240 4381 a.
257 4332 360 4396 masq.
873 4358 877 4365 .
