2754 4656
525 277 853 340 .-122—

146 467 353 535 argumentum
391 458 486 519 solum
524 458 625 520 refert.
681 458 858 538 Comparare
896 458 983 519 liceat
1020 465 1182 536 utrumque
1220 455 1320 515 locum

145 557 223 615 inter
247 574 288 617 se.

263 716 307 776 lle
332 716 512 795 tranquill.
538 736 587 777 an.
878 717 923 777 lle
947 718 1035 796 prul.
1059 718 1095 776 in
1119 718 1198 776 virt.

141 833 704 923 ἈμισποιέληςδὲπρὸςἏνιί-
754 834 891 922 Ἀρισπ
932 837 1028 920 πρὸς
1065 829 1204 901 Ἁνιίπ.
1242 834 1321 916 περὶ

189 956 316 1021 πατρον
339 935 516 1020 γράφων,
797 932 1057 1019 Ἀλεξάνδρου
1079 934 1260 1018 γράφων,

138 1032 221 1098 ,οὐκ
256 1030 514 1122 Ἀλεξάνδρῳ
556 1036 703 1118 μόνον,
759 1036 829 1118 ἔφη
851 1035 900 1118 μὴ
919 1035 1042 1117 μόνον
1062 1030 1178 1120 ἐκείνῳ
1197 1049 1321 1117 προσ-

191 1131 279 1214 ἒφη,
802 1134 912 1214 ήκειν

146 1230 352 1314 προσήκει,
389 1228 486 1314 μέγα
520 1240 703 1314 φρονεῖν,
758 1229 818 1294 ὅτι
849 1234 1005 1295 πολλῶν
1037 1236 1185 1312 κρατεῖ,
1220 1225 1320 1310 μέγα

189 1325 251 1391 ὅτι
802 1338 985 1410 φρονεῖν,

96 1461 98 1465 ·
145 1435 282 1510 κρατεῖ
314 1429 470 1491 πολλῶν
501 1424 702 1509 ἀνθρώπων,
758 1422 839 1492 ἀλλ’
858 1421 977 1491 οὐδὲν
995 1419 1128 1508 ἦττον,
1148 1429 1181 1488 ελ
1195 1446 1245 1499 τις
1263 1422 1322 1506 dp-

146 1519 223 1588 ἀλλ’
253 1522 322 1606 οὐχ
349 1518 467 1607 ηιιον
493 1514 544 1600 οἷς
563 1523 703 1608 ὑπάρχει
803 1529 875 1600 θῶς
897 1523 1074 1606 γιγνώσκει
1095 1518 1183 1604 περὶ
1201 1527 1321 1586 θεῶν.

145 1617 232 1706 περὶ
261 1626 380 1702 θεῶν,
409 1619 519 1703 tuac,
547 1619 703 1700 δοξάζειν.

237 1811 380 1890 Sequitur
398 1813 429 1870 in
448 1811 465 1871 l.
485 1808 538 1871 ‘lle
557 1813 632 1890 prof.
647 1815 678 1872 in
693 1809 772 1874 virt'
792 1812 870 1872 Zeno
891 1814 949 1892 qui,
969 1810 1173 1890 Theophrasto
1192 1819 1321 1889 propter

147 1926 286 1987 magnum
314 1909 528 1987 discipulorum
555 1928 714 1971 numerum
740 1911 922 1990 praedicatu,
951 1909 1037 1969 dixit:
1066 1905 1095 1970 ‘d
1119 1907 1234 1969 κείνου
1258 1901 1322 1988 μὲν

147 2003 245 2086 χορὸς
268 2004 402 2087 μείζων,
430 2002 533 2088 οὑμὸς
551 2053 581 2070 ..
601 2001 638 2068 δὲ
661 2004 940 2089 σνμφωνόιερος’,
965 2015 995 2066 et
1018 2000 1071 2066 ‘lle
1090 2005 1241 2083 tranquill.
1262 2001 1322 2066 an?

148 2103 164 2164 l.
179 2104 197 2162 l.
218 2102 400 2164 simillimum
420 2104 568 2166 Stratonis
587 2106 698 2166 dictum
719 2107 850 2186 allertur,
871 2107 923 2184 qui
942 2099 1108 2182 (ἀκούσας,
1127 2099 1178 2164 ὅτι
1196 2104 1321 2165 πολλα-

146 2199 307 2273 πλασίους
330 2199 395 2281 ἔχει
418 2198 619 2283 Μενέδημος
642 2200 803 2284 μαθητάς,
827 2199 873 2264 ‘cl
892 2192 978 2282 οὖν’,
1001 2200 1077 2282 ἔφη,
1101 2197 1321 2282 ’θανμαστόη

147 2296 179 2360 ελ
199 2292 350 2371 πλείονές
373 2298 458 2361 εἰσιν
482 2297 517 2360 ολ
538 2297 699 2363 λούεσθαι
722 2296 879 2374 θέλοντες
896 2308 964 2362 τῶν
983 2295 1179 2374 ἀλείφεσθαι
1197 2298 1320 2378 βουλο-

147 2390 283 2477 μένων;’
307 2397 496 2457 —Accedit
520 2402 627 2460 tertius
650 2399 734 2460 locus
758 2418 816 2478 quo
841 2400 876 2459 ad
901 2399 1046 2478 liquidum
1069 2398 1228 2458 deducitur
1252 2396 1319 2457 Plu·

146 2493 282 2554 tarchum
312 2502 401 2554 tutam
430 2495 506 2556 hanc
534 2498 737 2576 exemplorum
766 2499 874 2558 seriem
902 2516 937 2557 ex
966 2515 1025 2556 unu
1050 2497 1264 2556 commentario
1289 2497 1319 2553 in

147 2610 218 2652 suos
246 2590 337 2651 libros
363 2594 564 2676 transtulisse3
595 2597 631 2656 cl.
656 2598 734 2656 enim
757 2591 810 2656 ‘lle
830 2614 862 2655 se
881 2597 979 2673 ipsum
999 2596 1072 2654 citra
1092 2592 1233 2653 invidiam
1257 2592 1318 2652 lau-

147 2684 254 2750 daudo'
274 2708 299 2750 ο.
317 2688 366 2771 16,
381 2687 489 2773 stul,
508 2693 560 2754 ubi
574 2694 741 2754 Aristotelis
760 2694 877 2754 litterae
896 2692 1007 2753 eisdem
1028 2692 1089 2751 lere
1110 2691 1209 2751 verbis
1228 2698 1318 2769 atque

146 2784 199 2847 ‘lle
219 2788 293 2866 prol.
313 2789 343 2848 in
363 2785 441 2850 virt’
461 2789 478 2850 l.
493 2790 511 2851 l.
531 2790 696 2852 laudantur.
739 2791 894 2869 Excipitur
918 2798 1016 2850 autem
1038 2788 1080 2848 ibi
1098 2789 1171 2849 haec
1191 2789 1318 2867 epistula

146 2885 250 2945 eodem
269 2886 396 2964 Agesilai
415 2887 495 2947 dictu
515 2889 593 2966 quod
613 2892 705 2950 anteit
724 2892 753 2949 in
774 2890 790 2948 l.
812 2886 864 2949 ‘lle
884 2889 959 2967 prul.
978 2890 1008 2948 in
1028 2883 1106 2947 virt'
1140 2886 1318 2965 Comparare

146 2985 255 3045 iterum
280 2991 441 3062 utrumque
464 2985 562 3046 locum
586 2986 681 3048 liccat.

147 3180 192 3252 lle
214 3181 329 3258 ipsum
350 3181 442 3240 citra
462 3182 631 3241 invidiam
649 3190 703 3244 etc.
880 3183 926 3242 lle
950 3181 1037 3260 prol.
1061 3183 1096 3240 in
1119 3182 1199 3241 virt.

148 3298 245 3384 Περὶ
263 3309 333 3365 τοῦ
353 3305 494 3386 Περσῶν
514 3301 705 3384 βασιλέως
755 3300 984 3386 Ἀγησίλαος
1007 3299 1095 3382 περὶ
1117 3309 1187 3365 τοῦ

146 3399 317 3483 μεγάλου
335 3397 545 3483 καλουμένου
563 3401 581 3466 ὁ
598 3394 704 3484 Ἀγη-
759 3401 931 3484 μεγάλου
954 3395 1158 3482 βασιλέως·

147 3500 366 3678 Ἁάιάαὲῑιςοῦ
384 3618 426 3677 γε
445 3594 586 3678 μείζων
605 3593 704 3660 ἐκεῖ·
759 3595 814 3660 ‘cl
838 3596 910 3680 γὰρ
936 3594 1030 3679 ἐμοῦ
1053 3596 1194 3678 μείζων
1218 3592 1317 3660 ἐκεῖ-

190 3715 273 3775 νος,
802 3716 884 3775 νος,
1292 3761 1294 3765 ,

147 3789 183 3852 ελ
204 3790 253 3872 μη
275 3785 338 3853 καὶ
363 3788 641 3874 δικαιόπεοος;’
759 3793 794 3854 εἰ
815 3792 862 3874 μη
886 3788 950 3856 nal
974 3790 1248 3872 δικαιότερος;’

148 3977 292 4040 Omnibus
315 3979 362 4039 his
386 3979 528 4058 exemplis
548 3976 622 4040 Plut.
643 3999 761 4059 operam
783 3981 832 4041 dat
852 3990 884 4042 ut
903 3981 990 4042 uubis
1008 3981 1185 4060 persuadeat
1205 3980 1317 4043 bunum

148 4076 296 4136 huminem
325 4096 408 4138 suam
437 4077 640 4138 condicionem
669 4081 775 4139 summi
805 4082 974 4161 aestimare,
1002 4079 1126 4140 aliorum
1153 4079 1316 4139 commodis

136 4191 202 4228 non
218 4174 362 4253 Inriderq
385 4175 569 4255 eandemque
589 4179 766 4237 sententiam
782 4177 893 4237 eisdem
908 4179 970 4238 lere
985 4175 1130 4257 exemplis
1143 4177 1318 4255 comprobat

124 4256 175 4314 ‘Oe
194 4269 350 4342 tranquill.
367 4268 432 4331 an'
447 4273 467 4334 l.
482 4274 510 4349 l,
534 4274 585 4336 ubi
606 4276 695 4339 dicit:
721 4271 814 4351 ‘code
832 4274 898 4357 γὰρ
917 4271 1006 4338 uilem
1024 4272 1067 4334 τὰ
1084 4273 1190 4334 ολιιεϊα
1207 4271 1325 4350 σεμνυ-

79 4362 227 4426 ‘⁶¹0¹²Ws'
249 4357 319 4422 οὐκ
341 4361 529 4453 ἐνοχλήσει
556 4372 598 4438 τά
623 4383 697 4441 τῶν
722 4370 894 4458 πλησίονῖ
