2754 4656
600 285 841 348 -126—

83 478 85 482 '
134 462 334 548 ὀλοφύρσεις
367 461 534 527 ἐνυπνίων
566 464 707 547 οἰκτρῶν
731 511 739 526 .
759 511 767 526 .
791 462 920 548 ῥαχίαις
951 460 989 526 τέ
1017 480 1084 527 τισι
1111 461 1166 527 καλ
1194 464 1309 540 σάλοις

134 559 287 643 έοικέναι,
311 569 419 645 ψυχῆς
438 610 445 624 .
461 609 468 624 .
487 558 713 644 πλαττομένης
731 563 778 624 ἔτι
798 562 909 637 δόξαις
927 558 983 624 καὶ
1000 564 1127 645 νόμοις,
1151 557 1200 625 ὧν
1219 560 1310 625 ἀπω-

134 659 219 724 τάτω
242 656 422 743 γιγνομένη
447 659 528 722 κατά
550 660 629 735 τοὺς
646 657 774 734 ὕπνους
792 652 892 733 αὖθις
912 658 1089 724 ἀναλύεται
1108 708 1116 722 .
1133 710 1139 722 .
1158 671 1228 735 τοῖς
1247 660 1310 724 πά-

135 756 231 821 naon?
279 760 390 820 Similis
418 763 599 839 comparatio
623 762 702 819 inter
725 761 816 819 animi
838 759 1079 838 perturbationes
1102 770 1133 820 et
1155 779 1237 820 mare
1262 769 1308 820 tu·

136 858 318 919 multuosum
346 861 513 919 instituitur
541 853 695 918 ‘Animine
720 875 757 916 an
780 854 928 934 corporis'
956 877 980 917 c.
1000 855 1080 918 δύο.
1109 852 1160 940 (ol.
1189 861 1219 918 in
1244 861 1311 917 uni-

136 975 253 1018 versum
273 975 362 1035 supra
382 975 410 1035 p.
428 951 516 1038 110).
553 955 614 1016 Nec
635 973 694 1015 non
713 955 786 1015 haec
805 954 894 1014 verba
913 957 1023 1034 optime
1043 975 1111 1016 cum
1130 955 1148 1015 l.
1167 953 1222 1016 ‘lle
1243 958 1310 1015 virt.

136 1064 166 1115 et
186 1057 234 1115 vit.
254 1052 314 1115 o?
334 1057 524 1135 conveniunt,
544 1053 596 1114 ubi
615 1072 702 1113 voces
717 1049 943 1132 ‘annonam'
959 1062 989 1113 et
1003 1049 1168 1114 ‘uvolae'
1184 1047 1310 1135 (loon)

137 1152 271 1214 redeunt.
317 1151 475 1211 Praeterea
499 1151 535 1212 cf.
559 1152 645 1212 haee:

256 1311 300 1370 lle
325 1312 414 1390 proi.
438 1314 472 1371 in
499 1313 579 1372 virt.
885 1310 931 1370 De
956 1313 1034 1371 virt.
1058 1321 1093 1372 et
1116 1314 1173 1372 vit.

135 1412 359 1497 πλαττομένης
381 1416 429 1478 έτι
734 1483 736 1488 ,
750 1412 968 1497 ἀποφυγοῦσα

136 1509 270 1589 δόξαις
291 1510 354 1575 καλ
378 1513 532 1595 νόμοις,
750 1508 865 1587 δόξας
887 1510 952 1575 καὶ
974 1514 1122 1596 νόμους

136 1604 184 1682 ὧν
203 1609 387 1673 ἀπωτάτω
407 1607 623 1692 γιγνομένη
639 1620 694 1673 etc.
748 1607 804 1672 καὶ
844 1611 1080 1694 πορρωτάτω
1115 1608 1310 1693 γενομένη

793 1721 849 1772 ele.

137 1835 197 1895 lam
221 1853 397 1914 persuasum
422 1842 451 1894 te
475 1834 585 1894 haltere
609 1853 696 1913 spero
715 1834 907 1895 Plutarchum
931 1837 961 1895 in
986 1844 1113 1914 utroque
1132 1835 1231 1895 libello
1251 1854 1312 1895 non

137 1935 233 2013 ipsum
263 1935 428 2011 inspexisse
452 1931 618 2013 Platonem,
647 1932 699 1992 sed
728 1932 764 1993 ab
792 1932 849 1993 alio
873 1941 993 1994 auctore
1017 1933 1148 2011 pendere
1172 1936 1224 2012 qui
1248 1933 1312 1993 Pla-

137 2033 216 2090 tonis
240 2030 328 2090 verba
352 2032 382 2090 in
407 2049 493 2090 suunt
519 2048 605 2090 usum
629 2032 853 2112 transformarat
877 2024 928 2113 (ol.
949 2050 1037 2110 supra
1057 2050 1085 2109 p.
1101 2027 1165 2092 104
1184 2032 1251 2091 adn.
1270 2029 1313 2113 1).

138 2129 198 2188 lam
222 2131 385 2210 quaeritur,
409 2131 476 2207 quis
500 2128 548 2187 lrio
568 2139 672 2189 auctor
691 2129 788 2189 luerit.
831 2125 884 2189 ‘lle
904 2132 979 2208 prol.
999 2132 1028 2189 in
1050 2127 1127 2190 virt'
1148 2149 1174 2190 o.
1190 2128 1232 2190 12
1248 2133 1312 2191 init.

138 2226 214 2287 Plut.
234 2226 319 2286 dicit:
344 2222 418 2306 εὅρα
440 2224 481 2305 δή
501 2220 555 2286 καὶ
574 2224 610 2286 τὸ
629 2232 698 2286 τοῦ
719 2225 915 2306 Ζήνωνος,
940 2224 1057 2288 ὁποῖόν
1076 2227 1174 2288 ἐστιν.
1216 2224 1313 2306 ήξίον

139 2321 201 2404 γάρ
235 2319 298 2383 άπὸ
330 2331 398 2383 τῶν
430 2320 571 2400 ὀνείρων
603 2319 742 2384 ἕκαστον
773 2320 877 2384 αὑτοῦ
910 2321 1198 2386 συναισθάνεσθαι
1230 2343 1312 2404 προ-

139 2419 330 2499 κόπτοντος,
351 2419 381 2481 εί
398 2410 479 2501 μηθ’
498 2417 664 2501 ἡδόμενον
684 2420 807 2504 αἰσχρῷ
827 2442 893 2483 τινι
913 2469 919 2482 .
936 2469 964 2482 ..
985 2417 1103 2483 ἑαυτὸν
1123 2468 1152 2483 ,.
1171 2418 1191 2502 ή
1211 2421 1313 2501 πράτ-

138 2538 237 2579 τοντα
266 2526 333 2580 τῶν
363 2517 484 2580 δεινῶν
507 2565 514 2579 .
535 2565 542 2579 .
565 2515 628 2601 ὁρᾷ
656 2517 737 2580 κατὰ
766 2516 907 2599 ὕπνους,
936 2513 1008 2581 ἀλλ’
1035 2508 1109 2580 οἷον
1137 2515 1174 2580 έν
1202 2520 1313 2604 βυθῷ

138 2615 311 2696 γαλήνης
334 2613 531 2678 ἀκλύστου
554 2608 738 2697 καταφανεῖ
759 2615 935 2698 διαλάμπει
958 2623 1015 2697 τῆς
1038 2624 1144 2697 ψυχῆς
1166 2616 1204 2678 τὸ
1228 2639 1312 2700 φαν-

138 2713 294 2776 ταστικὸν
323 2709 377 2775 καλ
404 2711 590 2794 παθητικὸν
619 2711 857 2796 διακεχυμένον
885 2711 949 2776 ὑπὸ
977 2721 1038 2775 τοῦ
1064 2711 1186 2793 λόγον’
1232 2715 1312 2777 llaec

140 2812 228 2873 verba
253 2831 312 2871 non
337 2814 434 2872 omnia
453 2811 582 2872 Zenonis
606 2821 685 2893 sunt,
709 2814 759 2874 sed
785 2812 925 2873 nonnulla
944 2812 1020 2872 Plut.
1040 2813 1157 2873 aliunde
1177 2816 1313 2874 inseruit.

141 2909 189 2970 Sio
218 2910 324 2989 placati
352 2913 443 2971 animi
471 2928 539 2971 cum
568 2930 674 2972 sereno
703 2914 777 2971 mari
805 2914 985 2990 comparatio
1013 2915 1042 2971 in
1067 2913 1254 2991 memoriam,
1283 2914 1314 2971 ni

140 3007 236 3089 lallor,
270 3008 325 3068 tibi
357 3011 414 3069 iam
448 3013 596 3070 revocavit
629 3005 687 3068 ‘De
712 3008 860 3087 tranquill.
885 3006 944 3069 an'
970 3007 1073 3070 lion.
1093 3017 1123 3069 et
1146 3007 1193 3090 18,
1212 3008 1313 3071 4iia

141 3098 285 3188 (romae
311 3100 445 3187 παρέχει
473 3106 535 3190 βίφ
563 3101 618 3168 καὶ
645 3100 853 3189 γαλήνην’)
882 3116 912 3167 et
935 3104 989 3166 ‘lle
1009 3109 1074 3166 virt.
1094 3116 1124 3167 et
1144 3104 1204 3168 vit'
1228 3106 1313 3168 3nn.

140 3199 203 3282 Coo
227 3199 378 3283 εὔθυμον
402 3247 409 3262 .
430 3251 436 3263 .
461 3200 571 3283 ὥσπερ
596 3203 826 3283 ..γαλήνην
850 3202 1046 3265 άκλυστον
1069 3201 1311 3286 ὑποβάληταί).

141 3300 250 3360 Contra
274 3299 377 3360 ultima
401 3299 481 3360 illius
504 3303 650 3361 enuntiati
673 3302 762 3362 verba
787 3311 888 3380 aperte
912 3302 1043 3362 Platonis
1066 3302 1102 3362 de
1127 3305 1221 3363 anima
1246 3303 1314 3363 doc-

142 3401 247 3457 trinam
272 3398 402 3476 produnt
427 3392 478 3480 (cf.
499 3398 585 3477 Resp.
601 3398 672 3478 Vlll,
688 3397 785 3459 572ss
815 3394 865 3460 ‘ol
884 3397 977 3472 ὄψεις
1002 3397 1224 3480 φαντάζονται
1247 3408 1314 3462 τῶν

141 3487 334 3576 έννπνίων’)
367 3502 397 3554 et
431 3503 491 3555 tota
519 3495 647 3556 Zenonis
680 3499 824 3557 sententia
858 3501 976 3575 egregie
1006 3517 1074 3558 oum
1103 3501 1145 3558 eis
1174 3501 1314 3576 congruit

142 3611 216 3670 quae
247 3592 327 3652 Plato
356 3591 373 3651 l.
397 3591 415 3652 l.
445 3596 574 3672 exponit.
625 3594 752 3655 Exhibet
784 3597 863 3654 enim
891 3595 973 3655 Plato
1007 3589 1195 3678 (ottusq.)
1226 3597 1312 3657 haec:

143 3686 235 3750 ‘liano
259 3683 299 3749 δέ
318 3708 370 3768 γε,
395 3681 503 3770 οἶμαι,
526 3687 678 3769 ὑγιεινῶς
700 3712 750 3765 τις
773 3691 831 3773 ἔχη
855 3689 954 3765 αὐτὸς
977 3689 1081 3754 αὑτοῦ
1103 3688 1158 3754 καὶ
1182 3692 1314 3774 σωφρό-

143 3805 223 3864 νως,
251 3779 305 3846 καὶ
334 3784 381 3858 είς
407 3784 467 3846 τὸν
493 3782 602 3848 ὕπνον
628 3791 661 3868 tp
684 3786 722 3849 τὸ
746 3786 933 3868 λογιστικὸν
957 3785 1018 3870 μὲν
1042 3787 1170 3871 ἐγείρας
1192 3781 1313 3852 ἑαυτοῦ

143 3877 198 3944 καὶ
227 3878 378 3956 ἑστιάσας
405 3882 514 3962 λόγων
536 3885 647 3945 καλῶν
669 3881 724 3946 καὶ
748 3883 911 3966 σκέψεων,
1011 3887 1048 3949 τὸ
1072 3885 1314 3970 ἐπιθυμητικὸν

144 3974 181 4041 δὲ
204 3982 284 4060 μήτε
308 3975 418 4062 ἐνδείᾳ
443 3979 523 4054 δούς
546 3981 625 4063 μήτε
648 3985 833 4066 πλησμονή,
858 3983 947 4059 ὅπως
970 3981 1012 4047 tv
1029 3990 1176 4069 κοιμηθῇ
1194 3983 1313 4068 καὶμὴ

143 4072 268 4159 παρέχη
295 4075 449 4155 θόρυβον
475 4076 521 4163 τῷ
548 4079 705 4165 βελτίστφ
733 4091 851 4162 χαῖρον
879 4079 899 4162 ή
927 4081 1154 4165 λυπούμενον,
1182 4079 1253 4146 ἀλλ’
1276 4081 1314 4169 έᾷ

133 4171 219 4230 αὐτὸ
241 4168 327 4232 καθ’
345 4170 428 4235 αύτὸ
449 4177 561 4255 μόνον
581 4177 735 4259 καθαρὸν
755 4189 891 4242 σκοπεῖν
909 4175 965 4242 καὶ
984 4177 1162 4261 ὀρέγεσθαι
1180 4203 1241 4244 του
1259 4178 1315 4244 καὶ

111 4260 365 4369 νιδήάνεσθαι,
400 4268 421 4332 ό
450 4273 500 4355 μή
530 4267 718 4342 οἶδεν...
742 4277 904 4355 ὡσαύτως
934 4272 971 4341 δέ
998 4275 1057 4340 καὶ
1081 4277 1121 4339 τὶ)
1147 4274 1325 4358 θοροειδες

85 4364 254 4426 πραυνας
280 4404 317 4420 ..
340 4411 349 4424 .
379 4376 606 4464 κεκινημένῳ
639 4378 691 4465 τῷ
725 4383 832 4466 θυμῷ
864 4375 1044 4458 καθεύδῃ,
1075 4365 1143 4436 m
1175 4370 1348 4450 ἡῦύῑδῦαὲ
