2754 4656
628 227 847 290 -98-

241 409 305 470 Non
330 410 477 469 fortunam
502 408 552 467 sed
577 410 718 467 virtutem
743 417 772 466 et
794 408 938 466 rationem
958 410 1045 466 vitam
1067 419 1199 467 nostram
1219 427 1329 486 regere

153 508 369 568 Chaeroneusis
402 507 503 566 eadem
537 508 651 565 ratione
685 501 738 563 ‘tte
763 503 912 581 tranquill.
932 500 990 564 am'
1017 502 1116 584 lura,
1146 503 1245 585 bun,
1277 502 1330 582 10,

155 605 196 668 14
210 608 268 685 lin,
294 601 476 684 lt,18,·19
501 604 692 682 demonstrat,
717 620 893 680 quamquam
918 604 1039 661 minime
1062 614 1150 680 negat
1175 605 1328 663 lortunam

152 706 311 785 quidquam
338 702 432 762 valere
456 702 490 761 ad
517 704 603 761 vitam
628 712 758 760 nostram
783 694 1069 781 coulorrnandaml),
1094 710 1123 760 at
1146 701 1233 761 nohis
1258 720 1328 780 per-

152 804 277 864 suadere
301 802 401 861 studet
425 803 496 860 satis
520 809 638 860 tenuem
663 817 729 858 esse
753 799 817 857 eius
843 800 899 856 tim
924 807 953 856 et
976 797 1152 877 inbecillam,
1176 802 1201 858 si
1225 802 1258 859 in
1281 819 1328 859 sa·

153 903 280 978 pientem
306 899 425 958 incidat.

240 996 283 1055 ad
313 996 427 1073 singula
456 979 592 1054 adnotent
621 994 702 1055 haee.
726 1029 768 1036 —
792 995 824 1054 ln
854 997 949 1073 capite
977 996 1073 1072 primo
1102 995 1267 1056 Lasthenes
1296 1006 1330 1056 et

152 1093 347 1172 Euthycrates
376 1094 581 1171 vituperantur
610 1102 642 1151 ut
670 1091 805 1151 homines
830 1089 885 1176 ‘aqi
908 1085 1025 1169 γαστρὶ
1049 1097 1246 1170 μετροῦντες
1269 1088 1330 1154 καὶ

151 1199 220 1263 τοῖς
257 1189 476 1270 αἰσχίστοις
511 1185 572 1267 τὴν
610 1174 884 1271 εὐδαιμονίαύῆχ
924 1191 961 1248 cl.
997 1184 1056 1247 ‘lle
1085 1189 1235 1268 tranquill.
1265 1188 1330 1253 an?

152 1309 176 1348 c.
196 1287 216 1347 2
233 1290 294 1348 lm:
317 1284 373 1370 ‘api
397 1285 485 1370 καλῷ
510 1280 633 1368 καὶτῷ
657 1285 802 1369 αἰσχρῷ
827 1283 948 1364 ὁρίζειν
972 1284 1009 1346 τὸ
1033 1282 1185 1366 conopon
1208 1281 1263 1348 καὶ
1287 1286 1329 1348 τὸ

151 1378 382 1466 ὃύσθνμον’,3)
413 1385 454 1442 tt
471 1381 652 1464 ‘reportate'
667 1384 703 1443 of.
719 1379 772 1442 ‘lle
788 1387 853 1444 virt.
869 1394 898 1444 et
914 1381 975 1445 vit'
990 1382 1019 1464 2,
1033 1382 1129 1445 10οΡ
1144 1381 1330 1466 (λιχνείαςῆ

241 1484 270 1543 C.
293 1481 389 1542 2init.
420 1482 543 1541 aliorum
573 1481 816 1560 philosophorum
845 1474 961 1564 (φασί)
991 1485 1137 1542 sententia
1167 1482 1331 1562 refellitur,

152 1585 203 1661 qui
236 1577 472 1660 εσωφροσύνην
503 1578 669 1658 φρόνησιν
697 1570 793 1639 εἶναι’
823 1580 1045 1640 contenderant.
1097 1580 1217 1658 Spectat
1248 1581 1330 1642 Plut.

150 1679 206 1738 hoc
230 1679 294 1738 loco
319 1678 353 1737 ad
379 1677 527 1737 Zenonem
548 1676 716 1757 Citiensem,
741 1679 790 1755 qui
816 1672 888 1754 ‘rho
912 1675 1078 1756 φρόνησιν
1102 1673 1138 1738 ἐν
1162 1673 1332 1757 αἱρετέοις

151 1771 386 1856 σωφροσύνην’
410 1793 476 1834 esse
501 1769 683 1857 docuerat.4)

239 1874 329 1933 Paulo
358 1873 433 1932 inira
463 1881 566 1932 auctor
594 1875 715 1951 exponit
742 1873 926 1950 ineptissime
957 1890 1010 1931 nos
1034 1891 1134 1954 agere,
1162 1866 1187 1932 si
1212 1870 1331 1952 ‘psile'—

151 1991 246 2052 μενοι
269 1979 336 2035 τῶν
360 1969 518 2031 οἰκείων
542 1971 711 2048 λογισμῶν
734 1967 781 2040 είς
799 1966 860 2047 τὴν
879 1965 983 2048 τύχην
1002 1964 1140 2041 ἑαυτοὺς
1158 1965 1332 2053 ἀφῶμεν’;

150 2072 187 2130 cf.
209 2067 262 2129 ‘tte
282 2065 382 2128 exilio'
406 2088 430 2128 c.
447 2066 467 2128 2
482 2069 544 2127 init.
587 2065 719 2126 Similem
744 2069 920 2126 sententiam
945 2069 974 2125 in
1000 2067 1075 2126 libro
1099 2063 1153 2126 ‘lle
1172 2070 1333 2147 tranquill.

107 2242 110 2248 Ι
150 2164 208 2228 an'
233 2170 351 2244 saepius
371 2168 546 2244 invenimus,
571 2163 620 2223 nbi
640 2163 714 2223 Plut.
735 2163 873 2242 postulat,
896 2172 929 2223 ut
949 2167 1164 2243 nosmetipsos
1184 2167 1330 2244 inspicia-

151 2283 216 2324 mus
240 2283 295 2324 uee
320 2263 373 2323 alia
398 2281 538 2322 curemus
562 2257 614 2343 (cl.
639 2278 727 2338 supra
752 2278 780 2338 p.
795 2257 916 2340 59sqfl.

238 2362 270 2421 ln
295 2363 399 2439 eapitis
422 2361 480 2419 line
500 2359 575 2418 Plut..
596 2360 731 2418 homines
755 2359 873 2436 sugillat
897 2362 946 2437 qui
972 2362 1121 2419 fortunam
1143 2363 1330 2442 vituperent,

149 2477 327 2538 quamquam
360 2459 417 2536 ipsi
447 2460 532 2517 unica
561 2457 705 2516 malornm
735 2475 856 2516 suorum
885 2475 973 2516 cansa
1003 2459 1070 2517 siut.
1121 2457 1199 2516 llicit
1228 2462 1329 2520 enim:

148 2552 192 2615 ‘at'
217 2552 281 2617 ὑπὸ
309 2561 348 2637 τῇ
376 2552 457 2636 τύχη
485 2548 578 2615 πάντ’
608 2550 714 2634 ἐστίν,
741 2550 783 2633 ἣν
811 2552 942 2634 τυφλὴν
966 2551 1248 2634 λοιδοροῦμεν,
1279 2553 1329 2629 ὡς

149 2648 269 2733 τυφλοὶ
301 2653 551 2733 περιπίπτοντες
579 2648 675 2732 αὐτῇ·
713 2652 748 2711 τί
773 2644 803 2712 δ’
831 2649 872 2713 οὐ
900 2648 1075 2731 μέλλομεν,
1105 2649 1186 2713 όταν
1209 2648 1328 2734 ὥσπερ

149 2749 275 2831 ὄμματα
307 2748 368 2829 τὴν
401 2747 579 2828 εὐβουλίαν
613 2745 811 2822 ἐκκόψαντες
844 2745 954 2810 αὑτῶν
986 2754 1046 2809 τοῦ
1079 2749 1156 2825 βίον
1188 2750 1328 2831 τυφλὴν

148 2846 352 2928 χειραγωγὸν
376 2844 624 2926 λαμβάνωμεν;’
665 2847 723 2906 lam
749 2848 785 2907 cl.
805 2843 859 2906 ‘lle
878 2846 1027 2925 tranquill.
1047 2844 1105 2908 an'
1128 2867 1153 2907 c.
1175 2845 1216 2909 10
1230 2850 1329 2911 merl:

148 2941 258 3007 ‘rouro
278 2936 308 3004 δ’
327 2939 394 3005 ἐστὶ
411 2945 447 3005 τί
457 2943 537 3006 ἄλλο
552 2941 573 3024 ἣ
588 2940 831 3022 συλλέγοντα
850 2942 1069 3024 προφάσεις
1089 2941 1329 3026 ἀχαριστίας

148 3037 200 3103 ἐπὶ
219 3040 280 3121 την
299 3039 402 3121 τύχην
421 3040 523 3104 αὐτὸν
536 3036 595 3121 ὑφ’
610 3038 714 3103 αὑτοῦ
728 3038 950 3116 κολύζεσθαι;’
970 3041 1184 3104 etc.12iuit.:
1203 3040 1328 3104 “εύθο-

148 3140 227 3220 μίαν
250 3138 384 3202 κολούει
404 3139 683 3202 ...αἰτιᾶσθαι
707 3138 850 3219 δαίμονα
872 3133 928 3200 καὶ
951 3138 1065 3220 τύχην,
1089 3137 1172 3202 ἀλλὰ
1194 3138 1240 3221 μὴ
1260 3140 1329 3222 τὴν

147 3234 258 3299 αὑτῶν
281 3234 495 3318 ἀβελτερίαν.’

237 3334 267 3395 C.
287 3333 307 3396 3
332 3335 440 3395 Stoicis
468 3339 643 3395 commentis
671 3329 810 3417 scatet⁶);
838 3354 862 3394 e.
882 3353 909 3413 g.
932 3335 1101 3396 Promethei
1127 3335 1175 3396 ille
1199 3337 1328 3415 mythus

147 3433 182 3492 ad
207 3432 367 3511 λογισμόν
390 3433 528 3493 refertur.

237 3529 379 3607 Sequitur
403 3530 488 3608 longa
513 3531 678 3609 explicatio,
702 3547 758 3608 qua
783 3529 994 3607 comprobatur
1018 3530 1152 3590 homines
1175 3533 1206 3591 iu
1227 3533 1327 3596 rebus

148 3628 298 3706 corporeis
323 3626 461 3686 omnibus
484 3645 576 3704 paene
602 3627 706 3687 hestiis
730 3645 796 3687 esse
820 3628 990 3707 interiores,
1019 3628 1105 3705 longe
1130 3638 1233 3689 contra
1261 3634 1326 3692 ani-

238 3763 263 3831 1)
284 3761 324 3815 cf.
344 3762 518 3829 Volkmann,
537 3743 714 3816 Ptuurch'u
729 3767 793 3830 τοι,
813 3763 877 3818 aaa.

237 3843 264 3911 2)
283 3842 352 3895 Post
375 3840 461 3894 verba
485 3841 574 3914 ‘uoragi
594 3843 721 3911 δαίμοαι’
745 3834 934 3912 interpolatae
959 3847 1023 3898 sunt
1043 3861 1126 3898 roceo
1146 3843 1206 3898 ‘nol
1224 3842 1326 3917 τύχητ’.

236 3927 263 3988 3>
284 3921 377 3974 Etiam
392 3919 535 3989 Epicureis
550 3922 702 3989 opprobrio
715 3921 880 3976 vertebatur
894 3925 968 3992 quod
983 3923 1150 3978 felicitatem
1164 3927 1327 3982 secundum

147 4004 274 4057 ventrem
293 3999 449 4054 definirent.
482 3997 521 4055 cf.
541 3998 665 4054 Timonis
683 4001 800 4056 Phliaaii
820 4003 872 4072 lrg.
885 4009 919 4056 56
927 4003 970 4058 W.
1004 4003 1140 4059 Giaseeke
1158 4022 1183 4073 p.
1195 4008 1230 4058 36
1246 4006 1326 4060 falso

146 4081 255 4135 confert
275 4080 328 4132 ‘De
344 4078 439 4133 exilio'
458 4085 502 4147 10,
522 4078 571 4132 ubi
588 4096 643 4134 vox
663 4079 792 4150 ‘parato'
813 4080 987 4136 Callimacho
1005 4082 1174 4137 vindicanda
1193 4086 1247 4137 eat.

232 4161 263 4225 t>
282 4158 320 4214 cf.
344 4158 396 4212 ‘De
415 4159 519 4214 virtute
538 4160 650 4214 morali'
672 4178 694 4215 c.
711 4165 735 4227 2,
750 4167 800 4214 441
812 4163 843 4215 A.
881 4162 922 4215 De
942 4163 1063 4227 Zenone,
1088 4162 1235 4217 Plutarchi
1255 4181 1327 4219 auc·

124 4237 201 4301 tore,
223 4238 417 4292 conserendus
436 4246 481 4294 eet
501 4239 648 4296 Schlemm
667 4261 696 4313 p.
711 4246 799 4312 llsq.
818 4245 851 4296 8'l
864 4260 907 4312 aq.
925 4247 970 4296 aa.
988 4248 1078 4308 tirso„
1093 4248 1182 4307 husu„
1197 4247 1265 4296 tuh.

198 4311 230 4379 ὅ)
251 4315 294 4370 Cl.
314 4315 490 4375 Duemmler
509 4340 537 4393 p.
557 4329 622 4381 213.
659 4323 802 4380 Gieseclte
821 4341 853 4393 p.
866 4329 932 4376 tha.
962 4320 1114 4375 Schlemm
1128 4322 1265 4385 plausu.
