<?xml version="1.0" encoding="UTF-8"?>
<!DOCTYPE html PUBLIC "-//W3C//DTD XHTML 1.0 Transitional//EN"
    "http://www.w3.org/TR/xhtml1/DTD/xhtml1-transitional.dtd">
<html xmlns="http://www.w3.org/1999/xhtml" xml:lang="en" lang="en">
 <head>
  <title>
</title>
<meta http-equiv="Content-Type" content="text/html;charset=utf-8" />
  <meta name='ocr-system' content='tesseract 3.04.00' />
  <meta name='ocr-capabilities' content='ocr_page ocr_carea ocr_par ocr_line ocrx_word'/>
</head>
<body>
  <div class='ocr_page' id='page_1' title='image "./dealiquotplutar00siefgoog_0044.png"; bbox 0 0 2754 4656; ppageno 0'>
   <div class='ocr_carea' id='block_1_1' title="bbox 626 199 845 262">
    <p class='ocr_par' dir='ltr' id='par_1_1' title="bbox 626 199 845 262">
     <span class='ocr_line' id='line_1_1' title="bbox 626 199 845 262; baseline -0.005 -20"><span class='ocrx_word' id='word_1_1' title='bbox 626 199 845 262; x_wconf 56' lang='lat' dir='ltr'>„ag-</span> 
     </span>
    </p>
   </div>
   <div class='ocr_carea' id='block_1_2' title="bbox 152 372 1329 2312">
    <p class='ocr_par' dir='ltr' id='par_1_2' title="bbox 152 372 1325 751">
     <span class='ocr_line' id='line_1_2' title="bbox 152 372 1324 460; baseline -0.003 -20"><span class='ocrx_word' id='word_1_2' title='bbox 152 391 231 458; x_wconf 93' lang='grc' dir='ltr'><strong><em>μασι</em></strong></span> <span class='ocrx_word' id='word_1_3' title='bbox 261 374 420 451; x_wconf 78' lang='grc' dir='ltr'><em>πολλάκις</em></span> <span class='ocrx_word' id='word_1_4' title='bbox 447 375 489 437; x_wconf 87' lang='grc' dir='ltr'>τὸ</span> <span class='ocrx_word' id='word_1_5' title='bbox 515 373 634 456; x_wconf 82' lang='grc' dir='ltr'><em>βάρος</em></span> <span class='ocrx_word' id='word_1_6' title='bbox 657 372 690 452; x_wconf 80' lang='grc' dir='ltr'>ἐξ</span> <span class='ocrx_word' id='word_1_7' title='bbox 714 373 815 455; x_wconf 79' lang='grc' dir='ltr'><strong><em>αὑτῆς</em></strong></span> <span class='ocrx_word' id='word_1_8' title='bbox 836 373 1097 460; x_wconf 60' lang='grc' dir='ltr'><strong><em>προστίθησιν),</em></strong></span> <span class='ocrx_word' id='word_1_9' title='bbox 1127 396 1186 438; x_wconf 91' lang='lat' dir='ltr'>nno</span> <span class='ocrx_word' id='word_1_10' title='bbox 1211 386 1324 438; x_wconf 78' lang='lat' dir='ltr'>taxatum</span> 
     </span>
     <span class='ocr_line' id='line_1_3' title="bbox 152 472 1324 551; baseline -0.002 -16"><span class='ocrx_word' id='word_1_11' title='bbox 152 477 242 537; x_wconf 90' lang='lat' dir='ltr'>verbo</span> <span class='ocrx_word' id='word_1_12' title='bbox 268 494 402 537; x_wconf 89' lang='lat' dir='ltr'>moneam</span> <span class='ocrx_word' id='word_1_13' title='bbox 427 475 549 535; x_wconf 81' lang='lat' dir='ltr'>eandem</span> <span class='ocrx_word' id='word_1_14' title='bbox 575 477 751 535; x_wconf 88' lang='lat' dir='ltr'>sententiam</span> <span class='ocrx_word' id='word_1_15' title='bbox 775 473 966 534; x_wconf 76' lang='lat' dir='ltr'>Plutarchum</span> <span class='ocrx_word' id='word_1_16' title='bbox 992 476 1150 551; x_wconf 85' lang='lat' dir='ltr'>protulisse</span> <span class='ocrx_word' id='word_1_17' title='bbox 1173 472 1228 535; x_wconf 70' lang='lat' dir='ltr'>‘De</span> <span class='ocrx_word' id='word_1_18' title='bbox 1248 485 1324 534; x_wconf 88' lang='lat' dir='ltr'>tran·</span> 
     </span>
     <span class='ocr_line' id='line_1_4' title="bbox 152 566 1325 656; baseline -0.002 -22"><span class='ocrx_word' id='word_1_19' title='bbox 152 574 233 653; x_wconf 85' lang='lat' dir='ltr'><strong>quill.</strong></span> <span class='ocrx_word' id='word_1_20' title='bbox 253 571 310 635; x_wconf 86' lang='lat' dir='ltr'>an’</span> <span class='ocrx_word' id='word_1_21' title='bbox 330 593 354 635; x_wconf 93' lang='lat' dir='ltr'>c.</span> <span class='ocrx_word' id='word_1_22' title='bbox 371 571 401 653; x_wconf 87' lang='lat'>3,</span> <span class='ocrx_word' id='word_1_23' title='bbox 424 572 474 634; x_wconf 91' lang='lat' dir='ltr'>ubi</span> <span class='ocrx_word' id='word_1_24' title='bbox 498 592 569 633; x_wconf 87' lang='lat' dir='ltr'>voco</span> <span class='ocrx_word' id='word_1_25' title='bbox 595 567 867 651; x_wconf 66' lang='lat' dir='ltr'>‘dapdvovtnt&#39;</span> <span class='ocrx_word' id='word_1_26' title='bbox 892 574 987 632; x_wconf 90' lang='lat' dir='ltr'>utitur</span> <span class='ocrx_word' id='word_1_27' title='bbox 1012 566 1053 653; x_wconf 86' lang='lat' dir='ltr'>(p.</span> <span class='ocrx_word' id='word_1_28' title='bbox 1068 568 1191 656; x_wconf 73' lang='lat'>4660),</span> <span class='ocrx_word' id='word_1_29' title='bbox 1215 570 1276 633; x_wconf 90' lang='lat' dir='ltr'>c.6</span> <span class='ocrx_word' id='word_1_30' title='bbox 1297 581 1325 632; x_wconf 89' lang='lat' dir='ltr'>et</span> 
     </span>
     <span class='ocr_line' id='line_1_5' title="bbox 152 665 959 751; baseline -0.002 -19"><span class='ocrx_word' id='word_1_31' title='bbox 152 674 279 751; x_wconf 89' lang='lat' dir='ltr'>saepius.</span> <span class='ocrx_word' id='word_1_32' title='bbox 325 668 386 730; x_wconf 91' lang='lat' dir='ltr'>Vox</span> <span class='ocrx_word' id='word_1_33' title='bbox 410 665 582 750; x_wconf 70' lang='lat' dir='ltr'>‘liupatone’</span> <span class='ocrx_word' id='word_1_34' title='bbox 606 678 769 747; x_wconf 88' lang='lat' dir='ltr'>usurpatur</span> <span class='ocrx_word' id='word_1_35' title='bbox 793 688 818 730; x_wconf 89' lang='grc' dir='ltr'>ο.</span> <span class='ocrx_word' id='word_1_36' title='bbox 840 666 879 729; x_wconf 79' lang='grc'>17</span> <span class='ocrx_word' id='word_1_37' title='bbox 896 671 959 730; x_wconf 93' lang='lat' dir='ltr'>init.</span> 
     </span>
    </p>

    <p class='ocr_par' dir='ltr' id='par_1_3' title="bbox 152 761 1327 1317">
     <span class='ocr_line' id='line_1_6' title="bbox 240 761 1325 846; baseline -0.001 -18"><span class='ocrx_word' id='word_1_38' title='bbox 240 766 294 828; x_wconf 73' lang='lat' dir='ltr'>‘lle</span> <span class='ocrx_word' id='word_1_39' title='bbox 320 767 466 846; x_wconf 71' lang='lat' dir='ltr'>tranquill.</span> <span class='ocrx_word' id='word_1_40' title='bbox 487 763 544 828; x_wconf 67' lang='lat' dir='ltr'>an?</span> <span class='ocrx_word' id='word_1_41' title='bbox 570 761 737 828; x_wconf 77' lang='lat' dir='ltr'>17et18²</span> <span class='ocrx_word' id='word_1_42' title='bbox 767 766 958 828; x_wconf 83' lang='lat' dir='ltr'>Plutarchum</span> <span class='ocrx_word' id='word_1_43' title='bbox 992 787 1058 828; x_wconf 90' lang='lat' dir='ltr'>vera</span> <span class='ocrx_word' id='word_1_44' title='bbox 1092 778 1122 828; x_wconf 88' lang='lat' dir='ltr'>et</span> <span class='ocrx_word' id='word_1_45' title='bbox 1155 769 1222 829; x_wconf 87' lang='lat' dir='ltr'>licta</span> <span class='ocrx_word' id='word_1_46' title='bbox 1252 766 1325 828; x_wconf 87' lang='lat' dir='ltr'>mala</span> 
     </span>
     <span class='ocr_line' id='line_1_7' title="bbox 152 861 1326 944; baseline -0.001 -18"><span class='ocrx_word' id='word_1_47' title='bbox 152 866 305 927; x_wconf 89' lang='lat' dir='ltr'>enucleate</span> <span class='ocrx_word' id='word_1_48' title='bbox 341 867 476 927; x_wconf 84' lang='lat' dir='ltr'>divisisse</span> <span class='ocrx_word' id='word_1_49' title='bbox 509 883 598 944; x_wconf 88' lang='lat' dir='ltr'>supra</span> <span class='ocrx_word' id='word_1_50' title='bbox 630 864 774 944; x_wconf 89' lang='lat' dir='ltr'>vidimus,</span> <span class='ocrx_word' id='word_1_51' title='bbox 811 864 973 943; x_wconf 82' lang='lat' dir='ltr'>cademque</span> <span class='ocrx_word' id='word_1_52' title='bbox 1007 866 1112 925; x_wconf 86' lang='lat' dir='ltr'>divisio</span> <span class='ocrx_word' id='word_1_53' title='bbox 1145 874 1241 925; x_wconf 82' lang='lat' dir='ltr'>exstat</span> <span class='ocrx_word' id='word_1_54' title='bbox 1273 861 1326 925; x_wconf 73' lang='lat' dir='ltr'>‘lle</span> 
     </span>
     <span class='ocr_line' id='line_1_8' title="bbox 152 956 1325 1044; baseline -0.002 -20"><span class='ocrx_word' id='word_1_55' title='bbox 152 960 252 1024; x_wconf 84' lang='lat' dir='ltr'>exilio&#39;</span> <span class='ocrx_word' id='word_1_56' title='bbox 272 963 380 1044; x_wconf 85' lang='lat' dir='ltr'>3inn.,</span> <span class='ocrx_word' id='word_1_57' title='bbox 407 963 456 1024; x_wconf 91' lang='lat' dir='ltr'>ubi</span> <span class='ocrx_word' id='word_1_58' title='bbox 482 982 498 1023; x_wconf 90' lang='lat' dir='ltr'>a</span> <span class='ocrx_word' id='word_1_59' title='bbox 522 956 627 1043; x_wconf 64' lang='grc' dir='ltr'><strong><em>’ἀόξηί</em></strong></span> <span class='ocrx_word' id='word_1_60' title='bbox 652 961 735 1023; x_wconf 86' lang='lat' dir='ltr'>malis</span> <span class='ocrx_word' id='word_1_61' title='bbox 759 970 964 1040; x_wconf 86' lang='lat' dir='ltr'>transgressus</span> <span class='ocrx_word' id='word_1_62' title='bbox 990 965 1020 1022; x_wconf 92' lang='lat' dir='ltr'>lit</span> <span class='ocrx_word' id='word_1_63' title='bbox 1045 964 1079 1023; x_wconf 88' lang='lat' dir='ltr'>ad</span> <span class='ocrx_word' id='word_1_64' title='bbox 1104 959 1228 1043; x_wconf 72' lang='lat' dir='ltr'>‘palam&#39;</span> <span class='ocrx_word' id='word_1_65' title='bbox 1253 961 1325 1022; x_wconf 86' lang='lat' dir='ltr'>mala</span> 
     </span>
     <span class='ocr_line' id='line_1_9' title="bbox 152 1053 1327 1142; baseline -0.002 -20"><span class='ocrx_word' id='word_1_66' title='bbox 152 1063 199 1122; x_wconf 93' lang='lat' dir='ltr'>his</span> <span class='ocrx_word' id='word_1_67' title='bbox 218 1062 331 1122; x_wconf 90' lang='lat' dir='ltr'>verbis:</span> <span class='ocrx_word' id='word_1_68' title='bbox 355 1057 449 1122; x_wconf 67' lang='lat' dir='ltr'>‘darm</span> <span class='ocrx_word' id='word_1_69' title='bbox 470 1053 507 1122; x_wconf 75' lang='lat' dir='ltr'>dl</span> <span class='ocrx_word' id='word_1_70' title='bbox 528 1058 651 1138; x_wconf 76' lang='lat' dir='ltr'>decada,</span> <span class='ocrx_word' id='word_1_71' title='bbox 676 1056 784 1141; x_wconf 81' lang='grc' dir='ltr'><strong><em>ὥσπερ</em></strong></span> <span class='ocrx_word' id='word_1_72' title='bbox 809 1057 844 1120; x_wconf 76' lang='lat' dir='ltr'>oi</span> <span class='ocrx_word' id='word_1_73' title='bbox 859 1054 978 1120; x_wconf 83' lang='grc' dir='ltr'><strong><em>πολλοὶ</em></strong></span> <span class='ocrx_word' id='word_1_74' title='bbox 998 1055 1133 1139; x_wconf 86' lang='grc' dir='ltr'><strong><em>λέγουσι</em></strong></span> <span class='ocrx_word' id='word_1_75' title='bbox 1151 1055 1206 1121; x_wconf 79' lang='grc' dir='ltr'>καὶ</span> <span class='ocrx_word' id='word_1_76' title='bbox 1226 1055 1327 1142; x_wconf 76' lang='grc' dir='ltr'><em>ᾄδου-</em></span> 
     </span>
     <span class='ocr_line' id='line_1_10' title="bbox 153 1152 1326 1240; baseline -0.004 -19"><span class='ocrx_word' id='word_1_77' title='bbox 153 1176 222 1239; x_wconf 88' lang='grc' dir='ltr'><strong><em>σιν,</em></strong></span> <span class='ocrx_word' id='word_1_78' title='bbox 251 1155 271 1238; x_wconf 77' lang='grc' dir='ltr'><strong><em>ἡ</em></strong></span> <span class='ocrx_word' id='word_1_79' title='bbox 298 1156 415 1240; x_wconf 80' lang='grc' dir='ltr'><strong><em>φνγή’,</em></strong></span> <span class='ocrx_word' id='word_1_80' title='bbox 444 1158 622 1238; x_wconf 86' lang='lat' dir='ltr'>quibuscum</span> <span class='ocrx_word' id='word_1_81' title='bbox 646 1158 783 1218; x_wconf 91' lang='lat' dir='ltr'>conleras</span> <span class='ocrx_word' id='word_1_82' title='bbox 807 1153 860 1217; x_wconf 74' lang='lat' dir='ltr'>‘lle</span> <span class='ocrx_word' id='word_1_83' title='bbox 881 1158 1029 1236; x_wconf 88' lang='lat' dir='ltr'>tranquill.</span> <span class='ocrx_word' id='word_1_84' title='bbox 1049 1152 1107 1218; x_wconf 90' lang='lat' dir='ltr'>an.&#39;</span> <span class='ocrx_word' id='word_1_85' title='bbox 1129 1156 1169 1220; x_wconf 89' lang='grc'>18</span> <span class='ocrx_word' id='word_1_86' title='bbox 1185 1159 1248 1237; x_wconf 85' lang='lat' dir='ltr'>lin,</span> <span class='ocrx_word' id='word_1_87' title='bbox 1277 1157 1326 1218; x_wconf 91' lang='lat' dir='ltr'>nbi</span> 
     </span>
     <span class='ocr_line' id='line_1_11' title="bbox 153 1255 1159 1317; baseline -0.001 -1"><span class='ocrx_word' id='word_1_88' title='bbox 153 1258 274 1317; x_wconf 89' lang='lat' dir='ltr'>exilium</span> <span class='ocrx_word' id='word_1_89' title='bbox 298 1260 378 1317; x_wconf 91' lang='lat' dir='ltr'>inter</span> <span class='ocrx_word' id='word_1_90' title='bbox 402 1275 469 1316; x_wconf 90' lang='lat' dir='ltr'>vera</span> <span class='ocrx_word' id='word_1_91' title='bbox 495 1255 568 1315; x_wconf 91' lang='lat' dir='ltr'>mala</span> <span class='ocrx_word' id='word_1_92' title='bbox 593 1264 799 1316; x_wconf 88' lang='lat' dir='ltr'>enumeratum</span> <span class='ocrx_word' id='word_1_93' title='bbox 825 1255 911 1315; x_wconf 90' lang='lat' dir='ltr'>nobis</span> <span class='ocrx_word' id='word_1_94' title='bbox 934 1257 992 1315; x_wconf 89' lang='lat' dir='ltr'>iam</span> <span class='ocrx_word' id='word_1_95' title='bbox 1017 1258 1159 1317; x_wconf 91' lang='lat' dir='ltr'>occurrit.</span> 
     </span>
    </p>

    <p class='ocr_par' dir='ltr' id='par_1_4' title="bbox 153 1340 1328 1727">
     <span class='ocr_line' id='line_1_12' title="bbox 242 1340 1325 1433; baseline -0.004 -18"><span class='ocrx_word' id='word_1_96' title='bbox 242 1353 322 1424; x_wconf 85' lang='lat' dir='ltr'>Quae</span> <span class='ocrx_word' id='word_1_97' title='bbox 347 1354 382 1414; x_wconf 87' lang='lat' dir='ltr'>ad</span> <span class='ocrx_word' id='word_1_98' title='bbox 408 1353 480 1414; x_wconf 88' lang='lat' dir='ltr'>mala</span> <span class='ocrx_word' id='word_1_99' title='bbox 505 1372 579 1432; x_wconf 87' lang='lat' dir='ltr'>qnae</span> <span class='ocrx_word' id='word_1_100' title='bbox 600 1340 695 1433; x_wconf 92' lang='lat' dir='ltr'>primo</span> <span class='ocrx_word' id='word_1_101' title='bbox 715 1352 821 1413; x_wconf 88' lang='lat' dir='ltr'>obtutu</span> <span class='ocrx_word' id='word_1_102' title='bbox 844 1352 905 1413; x_wconf 88' lang='lat' dir='ltr'>tolli</span> <span class='ocrx_word' id='word_1_103' title='bbox 924 1371 983 1412; x_wconf 90' lang='lat' dir='ltr'>non</span> <span class='ocrx_word' id='word_1_104' title='bbox 1002 1362 1128 1431; x_wconf 80' lang='lat' dir='ltr'>possunt</span> <span class='ocrx_word' id='word_1_105' title='bbox 1147 1352 1325 1412; x_wconf 86' lang='lat' dir='ltr'>debilitanda</span> 
     </span>
     <span class='ocr_line' id='line_1_13' title="bbox 153 1451 1327 1530; baseline -0.003 -18"><span class='ocrx_word' id='word_1_106' title='bbox 153 1452 228 1513; x_wconf 90' lang='lat' dir='ltr'>Plnt.</span> <span class='ocrx_word' id='word_1_107' title='bbox 257 1453 415 1530; x_wconf 80' lang='lat' dir='ltr'>praecipit,</span> <span class='ocrx_word' id='word_1_108' title='bbox 448 1464 480 1511; x_wconf 91' lang='lat' dir='ltr'>ut</span> <span class='ocrx_word' id='word_1_109' title='bbox 509 1453 607 1511; x_wconf 86' lang='lat' dir='ltr'>suavia</span> <span class='ocrx_word' id='word_1_110' title='bbox 638 1470 713 1530; x_wconf 87' lang='lat' dir='ltr'>quac</span> <span class='ocrx_word' id='word_1_111' title='bbox 741 1451 827 1510; x_wconf 92' lang='lat' dir='ltr'>nobis</span> <span class='ocrx_word' id='word_1_112' title='bbox 856 1451 957 1511; x_wconf 88' lang='lat' dir='ltr'>relicta</span> <span class='ocrx_word' id='word_1_113' title='bbox 987 1461 1057 1511; x_wconf 89' lang='lat' dir='ltr'>sunt</span> <span class='ocrx_word' id='word_1_114' title='bbox 1086 1469 1173 1530; x_wconf 91' lang='lat' dir='ltr'>quam</span> <span class='ocrx_word' id='word_1_115' title='bbox 1202 1452 1327 1511; x_wconf 84' lang='lat' dir='ltr'>maxime</span> 
     </span>
     <span class='ocr_line' id='line_1_14' title="bbox 154 1548 1328 1628; baseline -0.004 -17"><span class='ocrx_word' id='word_1_116' title='bbox 154 1563 311 1628; x_wconf 82' lang='lat' dir='ltr'>urgeamus</span> <span class='ocrx_word' id='word_1_117' title='bbox 340 1559 369 1609; x_wconf 90' lang='lat' dir='ltr'>et</span> <span class='ocrx_word' id='word_1_118' title='bbox 397 1568 465 1609; x_wconf 87' lang='lat' dir='ltr'>cunr</span> <span class='ocrx_word' id='word_1_119' title='bbox 495 1549 579 1608; x_wconf 89' lang='lat' dir='ltr'>malis</span> <span class='ocrx_word' id='word_1_120' title='bbox 608 1552 851 1609; x_wconf 87' lang='lat' dir='ltr'>commisceamus</span> <span class='ocrx_word' id='word_1_121' title='bbox 880 1548 936 1608; x_wconf 90' lang='lat' dir='ltr'>hoc</span> <span class='ocrx_word' id='word_1_122' title='bbox 966 1549 1052 1609; x_wconf 91' lang='lat' dir='ltr'>modo</span> <span class='ocrx_word' id='word_1_123' title='bbox 1075 1548 1262 1608; x_wconf 87' lang='lat' dir='ltr'>incommoda</span> <span class='ocrx_word' id='word_1_124' title='bbox 1288 1556 1328 1607; x_wconf 88' lang='lat' dir='ltr'>te-</span> 
     </span>
     <span class='ocr_line' id='line_1_15' title="bbox 154 1647 985 1727; baseline -0.001 -20"><span class='ocrx_word' id='word_1_125' title='bbox 154 1656 278 1709; x_wconf 87' lang='lat' dir='ltr'>nuantes</span> <span class='ocrx_word' id='word_1_126' title='bbox 302 1655 332 1707; x_wconf 96' lang='lat' dir='ltr'>et</span> <span class='ocrx_word' id='word_1_127' title='bbox 355 1647 589 1727; x_wconf 83' lang='lat' dir='ltr'>liqrxelacientes.</span> <span class='ocrx_word' id='word_1_128' title='bbox 983 1702 985 1706; x_wconf 81' lang='grc'>,</span> 
     </span>
    </p>

    <p class='ocr_par' dir='ltr' id='par_1_5' title="bbox 154 1739 1328 1924">
     <span class='ocr_line' id='line_1_16' title="bbox 242 1739 1328 1823; baseline 0 -20"><span class='ocrx_word' id='word_1_129' title='bbox 242 1744 321 1805; x_wconf 87' lang='lat' dir='ltr'>Haec</span> <span class='ocrx_word' id='word_1_130' title='bbox 349 1746 445 1804; x_wconf 89' lang='lat' dir='ltr'>omnia</span> <span class='ocrx_word' id='word_1_131' title='bbox 475 1745 536 1804; x_wconf 90' lang='lat' dir='ltr'>lere</span> <span class='ocrx_word' id='word_1_132' title='bbox 565 1744 600 1803; x_wconf 88' lang='lat' dir='ltr'>ad</span> <span class='ocrx_word' id='word_1_133' title='bbox 629 1743 752 1803; x_wconf 88' lang='lat' dir='ltr'>verbnm</span> <span class='ocrx_word' id='word_1_134' title='bbox 782 1743 879 1803; x_wconf 89' lang='lat' dir='ltr'>redire</span> <span class='ocrx_word' id='word_1_135' title='bbox 908 1740 961 1804; x_wconf 73' lang='lat' dir='ltr'>‘lle</span> <span class='ocrx_word' id='word_1_136' title='bbox 984 1743 1131 1822; x_wconf 76' lang='lat' dir='ltr'>tranquill.</span> <span class='ocrx_word' id='word_1_137' title='bbox 1151 1739 1209 1803; x_wconf 87' lang='lat' dir='ltr'>an&#39;</span> <span class='ocrx_word' id='word_1_138' title='bbox 1234 1739 1328 1823; x_wconf 79' lang='lat' dir='ltr'>blan,</span> 
     </span>
     <span class='ocr_line' id='line_1_17' title="bbox 154 1840 820 1924; baseline -0.005 -19"><span class='ocrx_word' id='word_1_139' title='bbox 154 1842 187 1923; x_wconf 89' lang='lat'>8,</span> <span class='ocrx_word' id='word_1_140' title='bbox 213 1841 267 1924; x_wconf 81' lang='lat'>14,</span> <span class='ocrx_word' id='word_1_141' title='bbox 294 1840 333 1903; x_wconf 85' lang='lat'>15</span> <span class='ocrx_word' id='word_1_142' title='bbox 358 1841 483 1920; x_wconf 84' lang='lat' dir='ltr'>singuiis</span> <span class='ocrx_word' id='word_1_143' title='bbox 507 1841 701 1921; x_wconf 87' lang='lat' dir='ltr'>comprobare</span> <span class='ocrx_word' id='word_1_144' title='bbox 726 1840 820 1902; x_wconf 88' lang='lat' dir='ltr'>liceat.</span> 
     </span>
    </p>

    <p class='ocr_par' dir='ltr' id='par_1_6' title="bbox 155 1935 1329 2312">
     <span class='ocr_line' id='line_1_18' title="bbox 243 1935 1328 2000; baseline -0.002 0"><span class='ocrx_word' id='word_1_145' title='bbox 243 1937 296 2000; x_wconf 76' lang='lat' dir='ltr'>‘lle</span> <span class='ocrx_word' id='word_1_146' title='bbox 316 1935 415 2000; x_wconf 89' lang='lat' dir='ltr'>exilio&#39;</span> <span class='ocrx_word' id='word_1_147' title='bbox 440 1939 457 1999; x_wconf 91' lang='lat' dir='ltr'>l.</span> <span class='ocrx_word' id='word_1_148' title='bbox 477 1940 493 1999; x_wconf 95' lang='lat' dir='ltr'>l.</span> <span class='ocrx_word' id='word_1_149' title='bbox 514 1939 588 1999; x_wconf 87' lang='lat' dir='ltr'>Plut.</span> <span class='ocrx_word' id='word_1_150' title='bbox 614 1939 686 1999; x_wconf 90' lang='lat' dir='ltr'>duas</span> <span class='ocrx_word' id='word_1_151' title='bbox 715 1938 836 1998; x_wconf 89' lang='lat' dir='ltr'>adhibet</span> <span class='ocrx_word' id='word_1_152' title='bbox 863 1939 1072 1999; x_wconf 87' lang='lat' dir='ltr'>similitudines</span> <span class='ocrx_word' id='word_1_153' title='bbox 1096 1957 1112 1998; x_wconf 90' lang='lat' dir='ltr'>a</span> <span class='ocrx_word' id='word_1_154' title='bbox 1136 1939 1210 1999; x_wconf 91' lang='lat' dir='ltr'>cibis</span> <span class='ocrx_word' id='word_1_155' title='bbox 1235 1937 1328 1998; x_wconf 88' lang='lat' dir='ltr'>dulci·</span> 
     </span>
     <span class='ocr_line' id='line_1_19' title="bbox 155 2036 1328 2116; baseline -0.003 -18"><span class='ocrx_word' id='word_1_156' title='bbox 155 2039 212 2099; x_wconf 92' lang='lat' dir='ltr'>bus</span> <span class='ocrx_word' id='word_1_157' title='bbox 234 2040 400 2116; x_wconf 84' lang='lat' dir='ltr'>arnarisqne</span> <span class='ocrx_word' id='word_1_158' title='bbox 421 2044 450 2097; x_wconf 89' lang='lat' dir='ltr'>et</span> <span class='ocrx_word' id='word_1_159' title='bbox 469 2057 484 2096; x_wconf 89' lang='lat' dir='ltr'>a</span> <span class='ocrx_word' id='word_1_160' title='bbox 506 2037 656 2097; x_wconf 88' lang='lat' dir='ltr'>coloribus</span> <span class='ocrx_word' id='word_1_161' title='bbox 675 2036 794 2096; x_wconf 87' lang='lat' dir='ltr'>acribus</span> <span class='ocrx_word' id='word_1_162' title='bbox 813 2040 1045 2116; x_wconf 75' lang='lat' dir='ltr'>temporalisque</span> <span class='ocrx_word' id='word_1_163' title='bbox 1065 2039 1181 2116; x_wconf 82' lang='lat' dir='ltr'>petitas,</span> <span class='ocrx_word' id='word_1_164' title='bbox 1201 2053 1328 2113; x_wconf 90' lang='lat' dir='ltr'>qnorum</span> 
     </span>
     <span class='ocr_line' id='line_1_20' title="bbox 155 2128 1328 2214; baseline -0.004 -17"><span class='ocrx_word' id='word_1_165' title='bbox 155 2144 350 2213; x_wconf 89' lang='lat' dir='ltr'>utrorumque</span> <span class='ocrx_word' id='word_1_166' title='bbox 385 2130 528 2212; x_wconf 74' lang='lat' dir='ltr'>‘dqda&#39;ocv’</span> <span class='ocrx_word' id='word_1_167' title='bbox 559 2143 588 2194; x_wconf 93' lang='lat' dir='ltr'>et</span> <span class='ocrx_word' id='word_1_168' title='bbox 617 2130 834 2214; x_wconf 60' lang='grc' dir='ltr'>ξσκληρότητα</span> <span class='ocrx_word' id='word_1_169' title='bbox 861 2128 915 2195; x_wconf 78' lang='grc' dir='ltr'>καί</span> <span class='ocrx_word' id='word_1_170' title='bbox 944 2133 1022 2214; x_wconf 80' lang='grc' dir='ltr'><strong><em>βίαν</em></strong></span> <span class='ocrx_word' id='word_1_171' title='bbox 1050 2129 1198 2195; x_wconf 86' lang='grc' dir='ltr'><strong><em>ἀνίατον’</em></strong></span> <span class='ocrx_word' id='word_1_172' title='bbox 1230 2133 1328 2193; x_wconf 76' lang='lat' dir='ltr'>dolero</span> 
     </span>
     <span class='ocr_line' id='line_1_21' title="bbox 155 2231 1329 2312; baseline -0.003 -18"><span class='ocrx_word' id='word_1_173' title='bbox 155 2236 302 2312; x_wconf 84' lang='lat' dir='ltr'>possimus</span> <span class='ocrx_word' id='word_1_174' title='bbox 327 2232 464 2292; x_wconf 84' lang='lat' dir='ltr'>dulcibus</span> <span class='ocrx_word' id='word_1_175' title='bbox 489 2232 522 2291; x_wconf 88' lang='lat' dir='ltr'>ad</span> <span class='ocrx_word' id='word_1_176' title='bbox 547 2251 643 2292; x_wconf 88' lang='lat' dir='ltr'>amara</span> <span class='ocrx_word' id='word_1_177' title='bbox 663 2231 809 2292; x_wconf 82' lang='lat' dir='ltr'>admixtis</span> <span class='ocrx_word' id='word_1_178' title='bbox 848 2231 977 2292; x_wconf 86' lang='lat' dir='ltr'>Eandem</span> <span class='ocrx_word' id='word_1_179' title='bbox 998 2231 1083 2309; x_wconf 88' lang='lat' dir='ltr'>plane</span> <span class='ocrx_word' id='word_1_180' title='bbox 1104 2232 1329 2291; x_wconf 86' lang='lat' dir='ltr'>similitudinem</span> 
     </span>
    </p>
   </div>
   <div class='ocr_carea' id='block_1_3' title="bbox 155 2323 1330 2411">
    <p class='ocr_par' dir='ltr' id='par_1_7' title="bbox 155 2323 1330 2411">
     <span class='ocr_line' id='line_1_22' title="bbox 155 2323 1330 2411; baseline 0.002 -21"><span class='ocrx_word' id='word_1_181' title='bbox 155 2331 253 2391; x_wconf 88' lang='lat' dir='ltr'>redire</span> <span class='ocrx_word' id='word_1_182' title='bbox 278 2325 330 2389; x_wconf 78' lang='lat' dir='ltr'>‘De</span> <span class='ocrx_word' id='word_1_183' title='bbox 352 2329 499 2408; x_wconf 87' lang='lat' dir='ltr'>tranquill.</span> <span class='ocrx_word' id='word_1_184' title='bbox 520 2327 577 2389; x_wconf 89' lang='lat' dir='ltr'>an.&#39;</span> <span class='ocrx_word' id='word_1_185' title='bbox 598 2330 627 2411; x_wconf 81' lang='lat'>8,</span> <span class='ocrx_word' id='word_1_186' title='bbox 646 2327 745 2391; x_wconf 84' lang='grc' dir='ltr'>469Α</span> <span class='ocrx_word' id='word_1_187' title='bbox 765 2329 907 2389; x_wconf 80' lang='lat' dir='ltr'>Gieseclxe</span> <span class='ocrx_word' id='word_1_188' title='bbox 930 2324 972 2410; x_wconf 92' lang='lat' dir='ltr'>(p.</span> <span class='ocrx_word' id='word_1_189' title='bbox 989 2323 1045 2411; x_wconf 80' lang='lat'>60)</span> <span class='ocrx_word' id='word_1_190' title='bbox 1065 2336 1147 2389; x_wconf 89' lang='lat' dir='ltr'>recte</span> <span class='ocrx_word' id='word_1_191' title='bbox 1167 2331 1330 2407; x_wconf 82' lang='lat' dir='ltr'>perspexit.</span> 
     </span>
    </p>
   </div>
   <div class='ocr_carea' id='block_1_4' title="bbox 154 2420 1339 4167">
    <p class='ocr_par' dir='ltr' id='par_1_8' title="bbox 154 2420 1339 3562">
     <span class='ocr_line' id='line_1_23' title="bbox 155 2420 1329 2507; baseline -0.003 -18"><span class='ocrx_word' id='word_1_192' title='bbox 155 2428 196 2489; x_wconf 83' lang='lat' dir='ltr'>ct</span> <span class='ocrx_word' id='word_1_193' title='bbox 221 2447 245 2488; x_wconf 90' lang='lat' dir='ltr'>e.</span> <span class='ocrx_word' id='word_1_194' title='bbox 266 2446 292 2506; x_wconf 83' lang='lat' dir='ltr'>g.</span> <span class='ocrx_word' id='word_1_195' title='bbox 316 2423 369 2487; x_wconf 78' lang='lat' dir='ltr'>‘lle</span> <span class='ocrx_word' id='word_1_196' title='bbox 389 2422 502 2487; x_wconf 90' lang='lat' dir='ltr'>exilio&#39;:</span> <span class='ocrx_word' id='word_1_197' title='bbox 529 2423 757 2507; x_wconf 64' lang='lat' dir='ltr'>‘peponum</span> <span class='ocrx_word' id='word_1_198' title='bbox 780 2423 893 2500; x_wconf 80' lang='grc' dir='ltr'><strong><em>αὐτοῖς</em></strong></span> <span class='ocrx_word' id='word_1_199' title='bbox 915 2425 986 2489; x_wconf 78' lang='grc' dir='ltr'><strong><em>ἔνια</em></strong></span> <span class='ocrx_word' id='word_1_200' title='bbox 1009 2433 1077 2486; x_wconf 90' lang='grc' dir='ltr'>τῶν</span> <span class='ocrx_word' id='word_1_201' title='bbox 1100 2420 1251 2505; x_wconf 78' lang='grc' dir='ltr'><strong><em>γλυκέων</em></strong></span> <span class='ocrx_word' id='word_1_202' title='bbox 1275 2420 1329 2486; x_wconf 83' lang='grc' dir='ltr'>καὶ</span> 
     </span>
     <span class='ocr_line' id='line_1_24' title="bbox 154 2519 1330 2605; baseline -0.003 -19"><span class='ocrx_word' id='word_1_203' title='bbox 154 2531 333 2603; x_wconf 82' lang='grc' dir='ltr'><strong><em>προσηνῶν</em></strong></span> <span class='ocrx_word' id='word_1_204' title='bbox 356 2521 416 2602; x_wconf 81' lang='grc' dir='ltr'>τὴν</span> <span class='ocrx_word' id='word_1_205' title='bbox 440 2519 562 2603; x_wconf 75' lang='grc' dir='ltr'><strong><em>ἀηδίαν</em></strong></span> <span class='ocrx_word' id='word_1_206' title='bbox 585 2521 807 2605; x_wconf 83' lang='grc' dir='ltr'><strong><em>ἀφαιροῦμεν’</em></strong></span> <span class='ocrx_word' id='word_1_207' title='bbox 831 2559 873 2567; x_wconf 93' lang='grc'>-</span> <span class='ocrx_word' id='word_1_208' title='bbox 897 2520 951 2585; x_wconf 67' lang='lat' dir='ltr'>‘be</span> <span class='ocrx_word' id='word_1_209' title='bbox 973 2524 1121 2602; x_wconf 91' lang='lat' dir='ltr'>tranquill.</span> <span class='ocrx_word' id='word_1_210' title='bbox 1141 2519 1214 2584; x_wconf 86' lang='lat' dir='ltr'>an&#39;:</span> <span class='ocrx_word' id='word_1_211' title='bbox 1238 2519 1330 2602; x_wconf 76' lang='lat' dir='ltr'>‘alya-</span> 
     </span>
     <span class='ocr_line' id='line_1_25' title="bbox 154 2609 1329 2704; baseline -0.003 -19"><span class='ocrx_word' id='word_1_212' title='bbox 154 2623 220 2685; x_wconf 80' lang='grc' dir='ltr'>θὸν</span> <span class='ocrx_word' id='word_1_213' title='bbox 240 2619 530 2702; x_wconf 85' lang='grc' dir='ltr'><strong><em>...μιγνύντας</em></strong></span> <span class='ocrx_word' id='word_1_214' title='bbox 558 2619 766 2702; x_wconf 80' lang='grc' dir='ltr'><strong><em>ἐξαμαυροῦν</em></strong></span> <span class='ocrx_word' id='word_1_215' title='bbox 797 2619 848 2704; x_wconf 87' lang='lat' dir='ltr'>(cl.</span> <span class='ocrx_word' id='word_1_216' title='bbox 877 2618 929 2682; x_wconf 73' lang='lat' dir='ltr'>‘lle</span> <span class='ocrx_word' id='word_1_217' title='bbox 959 2617 1072 2682; x_wconf 77' lang='lat' dir='ltr'>exilIo&#39;:</span> <span class='ocrx_word' id='word_1_218' title='bbox 1105 2609 1329 2700; x_wconf 48' lang='grc' dir='ltr'><strong><em>(μαραυγεῖν)</em></strong></span> 
     </span>
     <span class='ocr_line' id='line_1_26' title="bbox 155 2715 1329 2800; baseline -0.002 -19"><span class='ocrx_word' id='word_1_219' title='bbox 155 2719 194 2782; x_wconf 88' lang='grc' dir='ltr'>τὰ</span> <span class='ocrx_word' id='word_1_220' title='bbox 222 2720 357 2800; x_wconf 81' lang='grc' dir='ltr'>χείρονα</span> <span class='ocrx_word' id='word_1_221' title='bbox 385 2725 454 2792; x_wconf 80' lang='grc' dir='ltr'><strong><em>τοῖς</em></strong></span> <span class='ocrx_word' id='word_1_222' title='bbox 477 2715 645 2799; x_wconf 81' lang='grc' dir='ltr'><strong><em>βέλτιοσι.’</em></strong></span> <span class='ocrx_word' id='word_1_223' title='bbox 691 2716 744 2781; x_wconf 76' lang='lat' dir='ltr'>‘oe</span> <span class='ocrx_word' id='word_1_224' title='bbox 768 2717 882 2781; x_wconf 88' lang='lat' dir='ltr'>exilio&#39;:</span> <span class='ocrx_word' id='word_1_225' title='bbox 911 2715 954 2780; x_wconf 74' lang='lat' dir='ltr'>‘al</span> <span class='ocrx_word' id='word_1_226' title='bbox 977 2767 1005 2780; x_wconf 90' lang='lat'>..</span> <span class='ocrx_word' id='word_1_227' title='bbox 1030 2716 1100 2797; x_wconf 80' lang='grc' dir='ltr'>τὴν</span> <span class='ocrx_word' id='word_1_228' title='bbox 1123 2717 1216 2791; x_wconf 76' lang='grc' dir='ltr'><strong><em>ὄψιν</em></strong></span> <span class='ocrx_word' id='word_1_229' title='bbox 1240 2715 1329 2779; x_wconf 88' lang='grc' dir='ltr'><strong><em>ἀπε-</em></strong></span> 
     </span>
     <span class='ocr_line' id='line_1_27' title="bbox 155 2809 1330 2898; baseline -0.003 -19"><span class='ocrx_word' id='word_1_230' title='bbox 155 2813 381 2897; x_wconf 78' lang='grc' dir='ltr'><strong><em>στρέψαμεν</em></strong></span> <span class='ocrx_word' id='word_1_231' title='bbox 409 2812 466 2877; x_wconf 83' lang='grc' dir='ltr'>ἐπί</span> <span class='ocrx_word' id='word_1_232' title='bbox 490 2838 521 2878; x_wconf 88' lang='grc' dir='ltr'>τι</span> <span class='ocrx_word' id='word_1_233' title='bbox 549 2825 616 2878; x_wconf 89' lang='grc' dir='ltr'>τῶν</span> <span class='ocrx_word' id='word_1_234' title='bbox 643 2819 790 2898; x_wconf 79' lang='grc' dir='ltr'><strong><em>χλοερῶν</em></strong></span> <span class='ocrx_word' id='word_1_235' title='bbox 814 2811 868 2878; x_wconf 84' lang='grc' dir='ltr'>καὶ</span> <span class='ocrx_word' id='word_1_236' title='bbox 891 2824 1085 2896; x_wconf 88' lang='grc' dir='ltr'><strong><em>προσηνῶν,</em></strong></span> <span class='ocrx_word' id='word_1_237' title='bbox 1113 2809 1202 2877; x_wconf 83' lang='grc' dir='ltr'><strong><em>τοῦτ’</em></strong></span> <span class='ocrx_word' id='word_1_238' title='bbox 1226 2811 1330 2890; x_wconf 80' lang='grc' dir='ltr'><strong><em>ἔξεστι</em></strong></span> 
     </span>
     <span class='ocr_line' id='line_1_28' title="bbox 155 2908 1330 2997; baseline -0.002 -21"><span class='ocrx_word' id='word_1_239' title='bbox 155 2923 263 2977; x_wconf 80' lang='grc' dir='ltr'><strong><em>ποιεῖν</em></strong></span> <span class='ocrx_word' id='word_1_240' title='bbox 291 2909 346 2976; x_wconf 84' lang='grc' dir='ltr'>καὶ</span> <span class='ocrx_word' id='word_1_241' title='bbox 373 2913 456 2995; x_wconf 87' lang='grc' dir='ltr'><strong><em>πρὸς</em></strong></span> <span class='ocrx_word' id='word_1_242' title='bbox 483 2912 523 2974; x_wconf 75' lang='lat' dir='ltr'>vol</span> <span class='ocrx_word' id='word_1_243' title='bbox 553 2911 831 2994; x_wconf 85' lang='grc' dir='ltr'><strong><em>σνμπτώματα’</em></strong></span> <span class='ocrx_word' id='word_1_244' title='bbox 859 2908 996 2997; x_wconf 83' lang='lat' dir='ltr'>(eandem</span> <span class='ocrx_word' id='word_1_245' title='bbox 1027 2934 1127 2976; x_wconf 44' lang='lat' dir='ltr'>siccem</span> <span class='ocrx_word' id='word_1_246' title='bbox 1157 2915 1249 2975; x_wconf 85' lang='lat' dir='ltr'>babes</span> <span class='ocrx_word' id='word_1_247' title='bbox 1279 2911 1330 2974; x_wconf 70' lang='lat' dir='ltr'>‘lle</span> 
     </span>
     <span class='ocr_line' id='line_1_29' title="bbox 156 3005 1331 3093; baseline -0.001 -19"><span class='ocrx_word' id='word_1_248' title='bbox 156 3012 305 3092; x_wconf 88' lang='lat' dir='ltr'>tranquill.</span> <span class='ocrx_word' id='word_1_249' title='bbox 325 3008 382 3072; x_wconf 86' lang='lat' dir='ltr'>an&#39;</span> <span class='ocrx_word' id='word_1_250' title='bbox 403 3011 420 3070; x_wconf 91' lang='lat' dir='ltr'>l.</span> <span class='ocrx_word' id='word_1_251' title='bbox 436 3007 478 3093; x_wconf 90' lang='lat' dir='ltr'>l).</span> <span class='ocrx_word' id='word_1_252' title='bbox 521 3007 574 3072; x_wconf 74' lang='lat' dir='ltr'>‘ne</span> <span class='ocrx_word' id='word_1_253' title='bbox 599 3012 749 3092; x_wconf 89' lang='lat' dir='ltr'>tranquill.</span> <span class='ocrx_word' id='word_1_254' title='bbox 769 3009 840 3072; x_wconf 87' lang='lat' dir='ltr'>an’:</span> <span class='ocrx_word' id='word_1_255' title='bbox 865 3007 934 3084; x_wconf 69' lang='lat' dir='ltr'>‘ada</span> <span class='ocrx_word' id='word_1_256' title='bbox 956 3005 1018 3092; x_wconf 76' lang='grc' dir='ltr'>μὲν</span> <span class='ocrx_word' id='word_1_257' title='bbox 1041 3011 1151 3086; x_wconf 76' lang='grc' dir='ltr'><strong><em>ὄψεις</em></strong></span> <span class='ocrx_word' id='word_1_258' title='bbox 1173 3009 1239 3073; x_wconf 86' lang='grc' dir='ltr'>ὑπὸ</span> <span class='ocrx_word' id='word_1_259' title='bbox 1264 3020 1331 3074; x_wconf 90' lang='grc' dir='ltr'>τῶν</span> 
     </span>
     <span class='ocr_line' id='line_1_30' title="bbox 157 3104 1339 3191; baseline 0 -20"><span class='ocrx_word' id='word_1_260' title='bbox 157 3109 242 3190; x_wconf 90' lang='grc' dir='ltr'><strong><em>ἀγαν</em></strong></span> <span class='ocrx_word' id='word_1_261' title='bbox 265 3112 425 3189; x_wconf 83' lang='grc' dir='ltr'><strong><em>λαμπρῶν</em></strong></span> <span class='ocrx_word' id='word_1_262' title='bbox 448 3105 711 3189; x_wconf 79' lang='grc' dir='ltr'><strong><em>τιτρωσκομένας</em></strong></span> <span class='ocrx_word' id='word_1_263' title='bbox 734 3104 1052 3190; x_wconf 81' lang='grc' dir='ltr'><strong><em>ἀποστρέφοντες</em></strong></span> <span class='ocrx_word' id='word_1_264' title='bbox 1075 3117 1145 3182; x_wconf 76' lang='grc' dir='ltr'><strong><em>ταῖς</em></strong></span> <span class='ocrx_word' id='word_1_265' title='bbox 1166 3107 1339 3191; x_wconf 76' lang='grc' dir='ltr'><strong><em>ἀνθηραῖς·</em></strong></span> 
     </span>
     <span class='ocr_line' id='line_1_31' title="bbox 155 3204 1333 3288; baseline -0.001 -17"><span class='ocrx_word' id='word_1_266' title='bbox 155 3253 191 3271; x_wconf 89' lang='grc'>..</span> <span class='ocrx_word' id='word_1_267' title='bbox 215 3207 328 3288; x_wconf 83' lang='grc' dir='ltr'><strong><em>χρόαις</em></strong></span> <span class='ocrx_word' id='word_1_268' title='bbox 355 3204 631 3287; x_wconf 84' lang='grc' dir='ltr'><strong><em>παρηγοροῦμεν.’</em></strong></span> <span class='ocrx_word' id='word_1_269' title='bbox 657 3242 695 3250; x_wconf 91' lang='grc'>-</span> <span class='ocrx_word' id='word_1_270' title='bbox 728 3208 882 3268; x_wconf 87' lang='lat' dir='ltr'>Praeterea</span> <span class='ocrx_word' id='word_1_271' title='bbox 909 3204 961 3266; x_wconf 79' lang='lat' dir='ltr'>‘De</span> <span class='ocrx_word' id='word_1_272' title='bbox 982 3208 1130 3286; x_wconf 89' lang='lat' dir='ltr'>tranquill.</span> <span class='ocrx_word' id='word_1_273' title='bbox 1150 3205 1210 3268; x_wconf 67' lang='lat' dir='ltr'>au?</span> <span class='ocrx_word' id='word_1_274' title='bbox 1235 3205 1333 3288; x_wconf 84' lang='lat' dir='ltr'>c.15,</span> 
     </span>
     <span class='ocr_line' id='line_1_32' title="bbox 157 3304 1332 3385; baseline 0 -19"><span class='ocrx_word' id='word_1_275' title='bbox 157 3307 234 3385; x_wconf 89' lang='lat' dir='ltr'>qnod</span> <span class='ocrx_word' id='word_1_276' title='bbox 263 3316 351 3384; x_wconf 85' lang='lat' dir='ltr'>caput</span> <span class='ocrx_word' id='word_1_277' title='bbox 379 3324 447 3364; x_wconf 86' lang='lat' dir='ltr'>curn</span> <span class='ocrx_word' id='word_1_278' title='bbox 472 3307 567 3383; x_wconf 88' lang='lat' dir='ltr'>capite</span> <span class='ocrx_word' id='word_1_279' title='bbox 589 3304 608 3367; x_wconf 89' lang='lat'>8</span> <span class='ocrx_word' id='word_1_280' title='bbox 633 3308 781 3366; x_wconf 90' lang='lat' dir='ltr'>artissimo</span> <span class='ocrx_word' id='word_1_281' title='bbox 806 3306 853 3365; x_wconf 81' lang='lat' dir='ltr'>lxlo</span> <span class='ocrx_word' id='word_1_282' title='bbox 878 3309 1069 3366; x_wconf 89' lang='lat' dir='ltr'>coniunctum</span> <span class='ocrx_word' id='word_1_283' title='bbox 1094 3315 1159 3385; x_wconf 65' lang='lat' dir='ltr'>est,</span> <span class='ocrx_word' id='word_1_284' title='bbox 1182 3306 1332 3367; x_wconf 89' lang='lat' dir='ltr'>simillima</span> 
     </span>
     <span class='ocr_line' id='line_1_33' title="bbox 158 3402 1334 3483; baseline -0.002 -19"><span class='ocrx_word' id='word_1_285' title='bbox 158 3403 320 3464; x_wconf 90' lang='lat' dir='ltr'>similitudo</span> <span class='ocrx_word' id='word_1_286' title='bbox 344 3411 438 3462; x_wconf 88' lang='lat' dir='ltr'>exstat</span> <span class='ocrx_word' id='word_1_287' title='bbox 463 3402 498 3461; x_wconf 90' lang='lat' dir='ltr'>ad</span> <span class='ocrx_word' id='word_1_288' title='bbox 523 3403 638 3463; x_wconf 87' lang='lat' dir='ltr'>colores</span> <span class='ocrx_word' id='word_1_289' title='bbox 662 3412 799 3482; x_wconf 88' lang='lat' dir='ltr'>spectans</span> <span class='ocrx_word' id='word_1_290' title='bbox 825 3407 932 3483; x_wconf 85' lang='lat' dir='ltr'>varios,</span> <span class='ocrx_word' id='word_1_291' title='bbox 957 3423 1013 3482; x_wconf 90' lang='lat' dir='ltr'>qna</span> <span class='ocrx_word' id='word_1_292' title='bbox 1037 3405 1148 3464; x_wconf 88' lang='lat' dir='ltr'>iterum</span> <span class='ocrx_word' id='word_1_293' title='bbox 1171 3402 1260 3483; x_wconf 77' lang='grc' dir='ltr'><strong><em>μίξις</em></strong></span> <span class='ocrx_word' id='word_1_294' title='bbox 1285 3405 1334 3464; x_wconf 93' lang='lat' dir='ltr'>bo-</span> 
     </span>
     <span class='ocr_line' id='line_1_34' title="bbox 158 3501 742 3562; baseline -0.002 0"><span class='ocrx_word' id='word_1_295' title='bbox 158 3520 264 3562; x_wconf 87' lang='lat' dir='ltr'>norum</span> <span class='ocrx_word' id='word_1_296' title='bbox 288 3508 319 3561; x_wconf 89' lang='lat' dir='ltr'>et</span> <span class='ocrx_word' id='word_1_297' title='bbox 344 3501 486 3560; x_wconf 87' lang='lat' dir='ltr'>malorum</span> <span class='ocrx_word' id='word_1_298' title='bbox 510 3502 742 3562; x_wconf 88' lang='lat' dir='ltr'>commendatur.</span> 
     </span>
    </p>

    <p class='ocr_par' dir='ltr' id='par_1_9' title="bbox 157 3598 1335 4167">
     <span class='ocr_line' id='line_1_35' title="bbox 246 3598 1334 3677; baseline 0.001 -20"><span class='ocrx_word' id='word_1_299' title='bbox 246 3598 279 3658; x_wconf 94' lang='lat' dir='ltr'>ln</span> <span class='ocrx_word' id='word_1_300' title='bbox 307 3607 433 3676; x_wconf 89' lang='lat' dir='ltr'>utraque</span> <span class='ocrx_word' id='word_1_301' title='bbox 462 3600 553 3675; x_wconf 85' lang='lat' dir='ltr'>igitur</span> <span class='ocrx_word' id='word_1_302' title='bbox 577 3601 824 3658; x_wconf 87' lang='lat' dir='ltr'>commentatione</span> <span class='ocrx_word' id='word_1_303' title='bbox 850 3598 958 3677; x_wconf 83' lang='lat' dir='ltr'>duplex</span> <span class='ocrx_word' id='word_1_304' title='bbox 982 3608 1144 3677; x_wconf 86' lang='lat' dir='ltr'>usurpator</span> <span class='ocrx_word' id='word_1_305' title='bbox 1168 3600 1334 3660; x_wconf 89' lang='lat' dir='ltr'>similitudo</span> 
     </span>
     <span class='ocr_line' id='line_1_36' title="bbox 159 3694 1335 3774; baseline 0.001 -18"><span class='ocrx_word' id='word_1_306' title='bbox 159 3696 276 3774; x_wconf 87' lang='lat' dir='ltr'>duoque</span> <span class='ocrx_word' id='word_1_307' title='bbox 305 3702 461 3773; x_wconf 87' lang='lat' dir='ltr'>praecepta</span> <span class='ocrx_word' id='word_1_308' title='bbox 490 3712 526 3753; x_wconf 87' lang='lat' dir='ltr'>ex</span> <span class='ocrx_word' id='word_1_309' title='bbox 556 3694 602 3754; x_wconf 85' lang='lat' dir='ltr'>lris</span> <span class='ocrx_word' id='word_1_310' title='bbox 630 3696 873 3757; x_wconf 90' lang='lat' dir='ltr'>similitudinibus</span> <span class='ocrx_word' id='word_1_311' title='bbox 903 3697 1104 3757; x_wconf 85' lang='lat' dir='ltr'>deducuntur:</span> <span class='ocrx_word' id='word_1_312' title='bbox 1135 3699 1229 3757; x_wconf 90' lang='lat' dir='ltr'>misce</span> <span class='ocrx_word' id='word_1_313' title='bbox 1258 3698 1335 3758; x_wconf 88' lang='lat' dir='ltr'>bona</span> 
     </span>
     <span class='ocr_line' id='line_1_37' title="bbox 157 3787 1335 3876; baseline 0.003 -24"><span class='ocrx_word' id='word_1_314' title='bbox 157 3793 191 3852; x_wconf 86' lang='lat' dir='ltr'>ad</span> <span class='ocrx_word' id='word_1_315' title='bbox 222 3792 295 3852; x_wconf 90' lang='lat' dir='ltr'>mala</span> <span class='ocrx_word' id='word_1_316' title='bbox 327 3787 394 3870; x_wconf 71' lang='grc' dir='ltr'>(Ἱλε</span> <span class='ocrx_word' id='word_1_317' title='bbox 419 3790 567 3869; x_wconf 90' lang='lat' dir='ltr'>tranquill.</span> <span class='ocrx_word' id='word_1_318' title='bbox 592 3787 649 3852; x_wconf 87' lang='lat' dir='ltr'>an&#39;</span> <span class='ocrx_word' id='word_1_319' title='bbox 678 3790 780 3872; x_wconf 86' lang='grc' dir='ltr'><strong><em>ο.15;</em></strong></span> <span class='ocrx_word' id='word_1_320' title='bbox 813 3794 849 3853; x_wconf 87' lang='lat' dir='ltr'>cl.</span> <span class='ocrx_word' id='word_1_321' title='bbox 879 3797 966 3854; x_wconf 86' lang='lat' dir='ltr'>eliam</span> <span class='ocrx_word' id='word_1_322' title='bbox 996 3815 1019 3854; x_wconf 90' lang='lat' dir='ltr'>c.</span> <span class='ocrx_word' id='word_1_323' title='bbox 1040 3788 1153 3876; x_wconf 74' lang='lat' dir='ltr'>blm),</span> <span class='ocrx_word' id='word_1_324' title='bbox 1186 3795 1335 3875; x_wconf 83' lang='lat' dir='ltr'>detorque</span> 
     </span>
     <span class='ocr_line' id='line_1_38' title="bbox 159 3886 1335 3970; baseline 0.003 -20"><span class='ocrx_word' id='word_1_325' title='bbox 159 3890 260 3951; x_wconf 88' lang='lat' dir='ltr'>oculos</span> <span class='ocrx_word' id='word_1_326' title='bbox 289 3889 324 3949; x_wconf 91' lang='lat' dir='ltr'>ab</span> <span class='ocrx_word' id='word_1_327' title='bbox 353 3889 525 3949; x_wconf 90' lang='lat' dir='ltr'>iniucundis</span> <span class='ocrx_word' id='word_1_328' title='bbox 554 3889 589 3948; x_wconf 90' lang='lat' dir='ltr'>ad</span> <span class='ocrx_word' id='word_1_329' title='bbox 613 3890 744 3950; x_wconf 88' lang='lat' dir='ltr'>incunda</span> <span class='ocrx_word' id='word_1_330' title='bbox 768 3888 806 3968; x_wconf 82' lang='lat' dir='ltr'>(c.</span> <span class='ocrx_word' id='word_1_331' title='bbox 827 3886 871 3970; x_wconf 88' lang='lat'>8).</span> <span class='ocrx_word' id='word_1_332' title='bbox 920 3894 954 3951; x_wconf 84' lang='lat' dir='ltr'>At</span> <span class='ocrx_word' id='word_1_333' title='bbox 978 3888 1031 3951; x_wconf 75' lang='lat' dir='ltr'>‘lle</span> <span class='ocrx_word' id='word_1_334' title='bbox 1056 3887 1155 3952; x_wconf 89' lang='lat' dir='ltr'>exilio&#39;</span> <span class='ocrx_word' id='word_1_335' title='bbox 1180 3891 1198 3952; x_wconf 90' lang='lat' dir='ltr'>l.</span> <span class='ocrx_word' id='word_1_336' title='bbox 1218 3893 1236 3952; x_wconf 95' lang='lat' dir='ltr'>l.</span> <span class='ocrx_word' id='word_1_337' title='bbox 1262 3894 1335 3953; x_wconf 89' lang='lat' dir='ltr'>baec</span> 
     </span>
     <span class='ocr_line' id='line_1_39' title="bbox 159 3988 1335 4067; baseline 0.003 -19"><span class='ocrx_word' id='word_1_338' title='bbox 159 3990 217 4049; x_wconf 89' lang='lat' dir='ltr'>duo</span> <span class='ocrx_word' id='word_1_339' title='bbox 240 3997 397 4067; x_wconf 65' lang='lat' dir='ltr'>praecepta</span> <span class='ocrx_word' id='word_1_340' title='bbox 421 3988 578 4046; x_wconf 89' lang='lat' dir='ltr'>coniuncta</span> <span class='ocrx_word' id='word_1_341' title='bbox 598 3997 676 4067; x_wconf 88' lang='lat' dir='ltr'>sunt,</span> <span class='ocrx_word' id='word_1_342' title='bbox 701 3989 745 4047; x_wconf 92' lang='lat' dir='ltr'>uti</span> <span class='ocrx_word' id='word_1_343' title='bbox 764 3991 871 4047; x_wconf 88' lang='lat' dir='ltr'>iterum</span> <span class='ocrx_word' id='word_1_344' title='bbox 893 3989 1081 4048; x_wconf 81' lang='lat' dir='ltr'>manifestum</span> <span class='ocrx_word' id='word_1_345' title='bbox 1100 3990 1150 4048; x_wconf 87' lang='lat' dir='ltr'>liat</span> <span class='ocrx_word' id='word_1_346' title='bbox 1169 3992 1335 4067; x_wconf 81' lang='lat' dir='ltr'>genuinum</span> 
     </span>
     <span class='ocr_line' id='line_1_40' title="bbox 158 4080 1335 4167; baseline 0.003 -22"><span class='ocrx_word' id='word_1_347' title='bbox 158 4087 373 4145; x_wconf 90' lang='lat' dir='ltr'>sententiarum</span> <span class='ocrx_word' id='word_1_348' title='bbox 403 4102 510 4144; x_wconf 87' lang='lat' dir='ltr'>nexum</span> <span class='ocrx_word' id='word_1_349' title='bbox 540 4085 570 4143; x_wconf 93' lang='lat' dir='ltr'>in</span> <span class='ocrx_word' id='word_1_350' title='bbox 595 4084 692 4144; x_wconf 88' lang='lat' dir='ltr'>libello</span> <span class='ocrx_word' id='word_1_351' title='bbox 717 4080 770 4145; x_wconf 73' lang='lat' dir='ltr'>‘De</span> <span class='ocrx_word' id='word_1_352' title='bbox 795 4085 944 4163; x_wconf 88' lang='lat' dir='ltr'>tranquill.</span> <span class='ocrx_word' id='word_1_353' title='bbox 968 4082 1025 4146; x_wconf 90' lang='lat' dir='ltr'>an&#39;</span> <span class='ocrx_word' id='word_1_354' title='bbox 1055 4086 1232 4146; x_wconf 84' lang='lat' dir='ltr'>dissolutum</span> <span class='ocrx_word' id='word_1_355' title='bbox 1259 4107 1335 4167; x_wconf 86' lang='lat' dir='ltr'>esse,</span> 
     </span>
    </p>
   </div>
   <div class='ocr_carea' id='block_1_5' title="bbox 17 4179 1335 4349">
    <p class='ocr_par' dir='ltr' id='par_1_10' title="bbox 17 4179 1335 4349">
     <span class='ocr_line' id='line_1_41' title="bbox 17 4179 1335 4275; baseline 0.007 -37"><span class='ocrx_word' id='word_1_356' title='bbox 17 4268 21 4275; x_wconf 33' lang='grc' dir='ltr'>Ι</span> <span class='ocrx_word' id='word_1_357' title='bbox 145 4185 338 4258; x_wconf 78' lang='grc' dir='ltr'><strong><em>ι’πιενροείλίε</em></strong></span> <span class='ocrx_word' id='word_1_358' title='bbox 361 4183 512 4261; x_wconf 86' lang='lat' dir='ltr'>capitibus</span> <span class='ocrx_word' id='word_1_359' title='bbox 537 4179 830 4265; x_wconf 78' lang='lat' dir='ltr'>9—13,servatum</span> <span class='ocrx_word' id='word_1_360' title='bbox 854 4193 957 4245; x_wconf 87' lang='lat' dir='ltr'>contra</span> <span class='ocrx_word' id='word_1_361' title='bbox 979 4187 1011 4244; x_wconf 94' lang='lat' dir='ltr'>in</span> <span class='ocrx_word' id='word_1_362' title='bbox 1035 4183 1132 4244; x_wconf 92' lang='lat' dir='ltr'>libello</span> <span class='ocrx_word' id='word_1_363' title='bbox 1158 4179 1212 4244; x_wconf 78' lang='lat' dir='ltr'>‘De</span> <span class='ocrx_word' id='word_1_364' title='bbox 1231 4181 1335 4247; x_wconf 87' lang='lat' dir='ltr'>exilio&#39;</span> 
     </span>
     <span class='ocr_line' id='line_1_42' title="bbox 17 4273 313 4349; baseline 0.041 -23"><span class='ocrx_word' id='word_1_365' title='bbox 17 4290 23 4327; x_wconf 83' lang='lat' dir='ltr'>r</span> <span class='ocrx_word' id='word_1_366' title='bbox 125 4273 313 4349; x_wconf 78' lang='lat' dir='ltr'>disputante.</span> 
     </span>
    </p>
   </div>
   <div class='ocr_carea' id='block_1_6' title="bbox 0 0 1390 4656">
    <p class='ocr_par' dir='ltr' id='par_1_11' title="bbox 0 0 1390 4656">
     <span class='ocr_line' id='line_1_43' title="bbox 0 0 1390 4656; baseline 0 0"><span class='ocrx_word' id='word_1_367' title='bbox 0 0 1390 4656; x_wconf 95' lang='lat' dir='ltr'> </span> 
     </span>
    </p>
   </div>
  </div>
 </body>
</html>
