<?xml version="1.0" encoding="UTF-8"?>
<!DOCTYPE html PUBLIC "-//W3C//DTD XHTML 1.0 Transitional//EN"
    "http://www.w3.org/TR/xhtml1/DTD/xhtml1-transitional.dtd">
<html xmlns="http://www.w3.org/1999/xhtml" xml:lang="en" lang="en">
 <head>
  <title>
</title>
<meta http-equiv="Content-Type" content="text/html;charset=utf-8" />
  <meta name='ocr-system' content='tesseract 3.04.00' />
  <meta name='ocr-capabilities' content='ocr_page ocr_carea ocr_par ocr_line ocrx_word'/>
</head>
<body>
  <div class='ocr_page' id='page_1' title='image "./dealiquotplutar00siefgoog_0029.png"; bbox 0 0 2754 4656; ppageno 0'>
   <div class='ocr_carea' id='block_1_1' title="bbox 532 243 749 306">
    <p class='ocr_par' dir='ltr' id='par_1_1' title="bbox 532 243 749 306">
     <span class='ocr_line' id='line_1_1' title="bbox 532 243 749 306; baseline -0.009 -19"><span class='ocrx_word' id='word_1_1' title='bbox 532 243 749 306; x_wconf 75' lang='grc'>..63-</span> 
     </span>
    </p>
   </div>
   <div class='ocr_carea' id='block_1_2' title="bbox 54 421 1235 1673">
    <p class='ocr_par' dir='ltr' id='par_1_2' title="bbox 54 421 1229 702">
     <span class='ocr_line' id='line_1_2' title="bbox 54 421 1229 485; baseline -0.003 -1"><span class='ocrx_word' id='word_1_2' title='bbox 54 423 238 485; x_wconf 89' lang='lat' dir='ltr'><strong>calamitates</strong></span> <span class='ocrx_word' id='word_1_3' title='bbox 264 422 526 483; x_wconf 90' lang='lat' dir='ltr'><strong>iniucundissimas</strong></span> <span class='ocrx_word' id='word_1_4' title='bbox 553 429 670 482; x_wconf 87' lang='lat' dir='ltr'><strong>vertere</strong></span> <span class='ocrx_word' id='word_1_5' title='bbox 698 421 860 481; x_wconf 82' lang='lat' dir='ltr'><strong>contendit.</strong></span> <span class='ocrx_word' id='word_1_6' title='bbox 885 455 926 462; x_wconf 90' lang='lat'><em>-</em></span> <span class='ocrx_word' id='word_1_7' title='bbox 953 421 1129 482; x_wconf 71' lang='lat' dir='ltr'><strong>commixtio</strong></span> <span class='ocrx_word' id='word_1_8' title='bbox 1158 421 1229 481; x_wconf 94' lang='lat' dir='ltr'><strong>boni</strong></span> 
     </span>
     <span class='ocr_line' id='line_1_3' title="bbox 54 514 1228 583; baseline -0.002 -1"><span class='ocrx_word' id='word_1_9' title='bbox 54 531 85 583; x_wconf 94' lang='lat' dir='ltr'><strong>et</strong></span> <span class='ocrx_word' id='word_1_10' title='bbox 109 521 178 582; x_wconf 91' lang='lat' dir='ltr'><strong>mali</strong></span> <span class='ocrx_word' id='word_1_11' title='bbox 203 521 427 583; x_wconf 87' lang='lat' dir='ltr'><strong>commendatur</strong></span> <span class='ocrx_word' id='word_1_12' title='bbox 450 521 481 580; x_wconf 92' lang='lat' dir='ltr'><strong>in</strong></span> <span class='ocrx_word' id='word_1_13' title='bbox 504 539 529 580; x_wconf 94' lang='lat' dir='ltr'><strong>c.</strong></span> <span class='ocrx_word' id='word_1_14' title='bbox 549 518 568 582; x_wconf 99' lang='lat'>8</span> <span class='ocrx_word' id='word_1_15' title='bbox 592 521 670 579; x_wconf 93' lang='lat' dir='ltr'><strong>etin</strong></span> <span class='ocrx_word' id='word_1_16' title='bbox 690 538 714 578; x_wconf 94' lang='lat' dir='ltr'><strong>c.</strong></span> <span class='ocrx_word' id='word_1_17' title='bbox 734 514 781 579; x_wconf 85' lang='lat'><strong>15.</strong></span> <span class='ocrx_word' id='word_1_18' title='bbox 818 518 975 580; x_wconf 88' lang='lat' dir='ltr'><strong>Praeterea</strong></span> <span class='ocrx_word' id='word_1_19' title='bbox 995 519 1121 581; x_wconf 89' lang='lat' dir='ltr'><strong>redeunt</strong></span> <span class='ocrx_word' id='word_1_20' title='bbox 1141 538 1228 580; x_wconf 91' lang='lat' dir='ltr'><strong>voces</strong></span> 
     </span>
     <span class='ocr_line' id='line_1_4' title="bbox 54 611 933 702; baseline -0.006 -21"><span class='ocrx_word' id='word_1_21' title='bbox 54 615 232 702; x_wconf 74' lang='lat' dir='ltr'><strong>‘uapopdv’</strong></span> <span class='ocrx_word' id='word_1_22' title='bbox 256 638 281 679; x_wconf 91' lang='lat' dir='ltr'><strong>c.</strong></span> <span class='ocrx_word' id='word_1_23' title='bbox 302 616 321 680; x_wconf 99' lang='lat'>8</span> <span class='ocrx_word' id='word_1_24' title='bbox 347 627 376 679; x_wconf 94' lang='lat' dir='ltr'><strong>et</strong></span> <span class='ocrx_word' id='word_1_25' title='bbox 399 615 500 697; x_wconf 95' lang='lat' dir='ltr'><strong>c.14,</strong></span> <span class='ocrx_word' id='word_1_26' title='bbox 524 611 672 697; x_wconf 46' lang='grc' dir='ltr'><strong>(οἰκεῖοί</strong></span> <span class='ocrx_word' id='word_1_27' title='bbox 696 635 721 676; x_wconf 89' lang='lat' dir='ltr'><strong>c.</strong></span> <span class='ocrx_word' id='word_1_28' title='bbox 741 613 761 677; x_wconf 88' lang='grc'><strong>6</strong></span> <span class='ocrx_word' id='word_1_29' title='bbox 785 624 815 676; x_wconf 90' lang='grc'><strong>91</strong></span> <span class='ocrx_word' id='word_1_30' title='bbox 839 611 933 677; x_wconf 77' lang='grc'><strong>915.</strong></span> 
     </span>
    </p>

    <p class='ocr_par' dir='ltr' id='par_1_3' title="bbox 54 712 1231 1088">
     <span class='ocr_line' id='line_1_5' title="bbox 145 712 1230 796; baseline -0.003 -18"><span class='ocrx_word' id='word_1_31' title='bbox 145 717 256 796; x_wconf 80' lang='lat' dir='ltr'><strong>Capitis</strong></span> <span class='ocrx_word' id='word_1_32' title='bbox 280 714 300 778; x_wconf 83' lang='lat'>6</span> <span class='ocrx_word' id='word_1_33' title='bbox 329 718 423 796; x_wconf 90' lang='lat' dir='ltr'><strong>prima</strong></span> <span class='ocrx_word' id='word_1_34' title='bbox 452 723 482 775; x_wconf 94' lang='lat' dir='ltr'><strong>et</strong></span> <span class='ocrx_word' id='word_1_35' title='bbox 510 717 615 793; x_wconf 90' lang='lat' dir='ltr'><strong>capitis</strong></span> <span class='ocrx_word' id='word_1_36' title='bbox 639 712 658 776; x_wconf 99' lang='lat'>8</span> <span class='ocrx_word' id='word_1_37' title='bbox 688 713 779 774; x_wconf 92' lang='lat' dir='ltr'><strong>altera</strong></span> <span class='ocrx_word' id='word_1_38' title='bbox 807 731 876 791; x_wconf 91' lang='lat' dir='ltr'><strong>pars</strong></span> <span class='ocrx_word' id='word_1_39' title='bbox 904 713 939 773; x_wconf 93' lang='lat' dir='ltr'><strong>ad</strong></span> <span class='ocrx_word' id='word_1_40' title='bbox 969 715 1096 776; x_wconf 93' lang='lat' dir='ltr'><strong>eundem</strong></span> <span class='ocrx_word' id='word_1_41' title='bbox 1122 734 1230 776; x_wconf 88' lang='lat' dir='ltr'><strong>nexum</strong></span> 
     </span>
     <span class='ocr_line' id='line_1_6' title="bbox 54 810 1230 892; baseline -0.001 -18"><span class='ocrx_word' id='word_1_42' title='bbox 54 817 270 876; x_wconf 84' lang='lat' dir='ltr'><strong>sententiarum</strong></span> <span class='ocrx_word' id='word_1_43' title='bbox 298 816 450 892; x_wconf 81' lang='lat' dir='ltr'><strong>pertinent</strong></span> <span class='ocrx_word' id='word_1_44' title='bbox 479 821 507 873; x_wconf 92' lang='lat' dir='ltr'><strong>at</strong></span> <span class='ocrx_word' id='word_1_45' title='bbox 532 811 664 891; x_wconf 83' lang='lat' dir='ltr'><strong>exempla</strong></span> <span class='ocrx_word' id='word_1_46' title='bbox 688 819 802 872; x_wconf 91' lang='lat' dir='ltr'><strong>tantum</strong></span> <span class='ocrx_word' id='word_1_47' title='bbox 825 810 969 889; x_wconf 84' lang='lat' dir='ltr'><strong>praebent</strong></span> <span class='ocrx_word' id='word_1_48' title='bbox 995 832 1069 892; x_wconf 91' lang='lat' dir='ltr'><strong>quae</strong></span> <span class='ocrx_word' id='word_1_49' title='bbox 1095 822 1230 873; x_wconf 90' lang='lat' dir='ltr'><strong>sescenta</strong></span> 
     </span>
     <span class='ocr_line' id='line_1_7' title="bbox 54 907 1231 991; baseline -0.002 -18"><span class='ocrx_word' id='word_1_50' title='bbox 54 913 133 973; x_wconf 87' lang='lat' dir='ltr'><strong>Plut.</strong></span> <span class='ocrx_word' id='word_1_51' title='bbox 161 917 226 991; x_wconf 91' lang='lat' dir='ltr'><strong>ipse</strong></span> <span class='ocrx_word' id='word_1_52' title='bbox 254 911 339 972; x_wconf 83' lang='lat' dir='ltr'><strong>facile</strong></span> <span class='ocrx_word' id='word_1_53' title='bbox 368 911 506 989; x_wconf 83' lang='lat' dir='ltr'><strong>colligere</strong></span> <span class='ocrx_word' id='word_1_54' title='bbox 533 917 650 990; x_wconf 90' lang='lat' dir='ltr'><strong>poterat</strong></span> <span class='ocrx_word' id='word_1_55' title='bbox 674 942 715 952; x_wconf 86' lang='lat'><strong>--</strong></span> <span class='ocrx_word' id='word_1_56' title='bbox 740 911 845 987; x_wconf 89' lang='lat' dir='ltr'><strong>capitis</strong></span> <span class='ocrx_word' id='word_1_57' title='bbox 869 907 890 970; x_wconf 89' lang='grc'><strong>6</strong></span> <span class='ocrx_word' id='word_1_58' title='bbox 918 908 1039 970; x_wconf 90' lang='lat' dir='ltr'><strong>alteram</strong></span> <span class='ocrx_word' id='word_1_59' title='bbox 1064 918 1178 991; x_wconf 91' lang='lat' dir='ltr'><strong>partem</strong></span> <span class='ocrx_word' id='word_1_60' title='bbox 1202 920 1231 971; x_wconf 89' lang='lat' dir='ltr'><strong>et</strong></span> 
     </span>
     <span class='ocr_line' id='line_1_8' title="bbox 56 1008 530 1088; baseline -0.008 -16"><span class='ocrx_word' id='word_1_61' title='bbox 56 1031 82 1071; x_wconf 91' lang='lat' dir='ltr'><strong>c.</strong></span> <span class='ocrx_word' id='word_1_62' title='bbox 105 1010 122 1072; x_wconf 83' lang='lat'><strong>7</strong></span> <span class='ocrx_word' id='word_1_63' title='bbox 148 1013 205 1071; x_wconf 92' lang='lat' dir='ltr'><strong>iam</strong></span> <span class='ocrx_word' id='word_1_64' title='bbox 231 1028 321 1088; x_wconf 92' lang='lat' dir='ltr'><strong>supra</strong></span> <span class='ocrx_word' id='word_1_65' title='bbox 345 1008 530 1069; x_wconf 86' lang='lat' dir='ltr'><strong>seclusimus.</strong></span> 
     </span>
    </p>

    <p class='ocr_par' dir='ltr' id='par_1_4' title="bbox 54 1104 1235 1558">
     <span class='ocr_line' id='line_1_9' title="bbox 147 1104 1232 1187; baseline -0.003 -19"><span class='ocrx_word' id='word_1_66' title='bbox 147 1107 250 1187; x_wconf 83' lang='lat' dir='ltr'><strong>Capita</strong></span> <span class='ocrx_word' id='word_1_67' title='bbox 274 1104 316 1168; x_wconf 90' lang='lat'><strong>10</strong></span> <span class='ocrx_word' id='word_1_68' title='bbox 340 1115 370 1166; x_wconf 93' lang='lat' dir='ltr'><strong>et</strong></span> <span class='ocrx_word' id='word_1_69' title='bbox 395 1104 435 1167; x_wconf 87' lang='lat'><strong>11</strong></span> <span class='ocrx_word' id='word_1_70' title='bbox 471 1107 686 1166; x_wconf 89' lang='lat' dir='ltr'><strong>sententiarum</strong></span> <span class='ocrx_word' id='word_1_71' title='bbox 719 1105 854 1166; x_wconf 87' lang='lat' dir='ltr'><strong>ordinem</strong></span> <span class='ocrx_word' id='word_1_72' title='bbox 887 1124 946 1166; x_wconf 94' lang='lat' dir='ltr'><strong>non</strong></span> <span class='ocrx_word' id='word_1_73' title='bbox 974 1106 1152 1185; x_wconf 88' lang='lat' dir='ltr'><strong>perturbant</strong></span> <span class='ocrx_word' id='word_1_74' title='bbox 1180 1105 1232 1166; x_wconf 90' lang='lat' dir='ltr'><strong>sed</strong></span> 
     </span>
     <span class='ocr_line' id='line_1_10' title="bbox 56 1203 1234 1285; baseline -0.003 -19"><span class='ocrx_word' id='word_1_75' title='bbox 56 1206 144 1266; x_wconf 78' lang='lat' dir='ltr'><strong>facile</strong></span> <span class='ocrx_word' id='word_1_76' title='bbox 172 1204 235 1265; x_wconf 91' lang='lat' dir='ltr'><strong>tolli</strong></span> <span class='ocrx_word' id='word_1_77' title='bbox 264 1213 403 1285; x_wconf 82' lang='lat' dir='ltr'><strong>possunt,</strong></span> <span class='ocrx_word' id='word_1_78' title='bbox 432 1222 499 1264; x_wconf 91' lang='lat' dir='ltr'><strong>cum</strong></span> <span class='ocrx_word' id='word_1_79' title='bbox 528 1222 661 1282; x_wconf 89' lang='lat' dir='ltr'><strong>eaquae</strong></span> <span class='ocrx_word' id='word_1_80' title='bbox 685 1204 865 1264; x_wconf 90' lang='lat' dir='ltr'><strong>antecedunt</strong></span> <span class='ocrx_word' id='word_1_81' title='bbox 888 1223 947 1264; x_wconf 94' lang='lat' dir='ltr'><strong>non</strong></span> <span class='ocrx_word' id='word_1_82' title='bbox 971 1206 1028 1265; x_wconf 92' lang='lat' dir='ltr'><strong>nisi</strong></span> <span class='ocrx_word' id='word_1_83' title='bbox 1052 1203 1234 1283; x_wconf 82' lang='lat' dir='ltr'><strong>amplificent</strong></span> 
     </span>
     <span class='ocr_line' id='line_1_11' title="bbox 55 1299 1235 1384; baseline -0.002 -22"><span class='ocrx_word' id='word_1_84' title='bbox 55 1312 100 1384; x_wconf 90' lang='lat' dir='ltr'><strong>et,</strong></span> <span class='ocrx_word' id='word_1_85' title='bbox 132 1302 280 1381; x_wconf 81' lang='lat' dir='ltr'><strong>capitibus</strong></span> <span class='ocrx_word' id='word_1_86' title='bbox 309 1299 351 1363; x_wconf 80' lang='lat'><strong>12</strong></span> <span class='ocrx_word' id='word_1_87' title='bbox 380 1310 409 1361; x_wconf 92' lang='lat' dir='ltr'><strong>et</strong></span> <span class='ocrx_word' id='word_1_88' title='bbox 437 1299 478 1362; x_wconf 85' lang='lat'><strong>13</strong></span> <span class='ocrx_word' id='word_1_89' title='bbox 507 1309 608 1381; x_wconf 88' lang='lat' dir='ltr'><strong>aperte</strong></span> <span class='ocrx_word' id='word_1_90' title='bbox 637 1303 835 1382; x_wconf 83' lang='lat' dir='ltr'><strong>interpositis,</strong></span> <span class='ocrx_word' id='word_1_91' title='bbox 863 1302 945 1361; x_wconf 85' lang='lat' dir='ltr'><strong>iilum</strong></span> <span class='ocrx_word' id='word_1_92' title='bbox 975 1301 1054 1380; x_wconf 88' lang='lat' dir='ltr'><strong>quod</strong></span> <span class='ocrx_word' id='word_1_93' title='bbox 1083 1310 1129 1361; x_wconf 91' lang='lat' dir='ltr'><strong>est</strong></span> <span class='ocrx_word' id='word_1_94' title='bbox 1156 1303 1235 1361; x_wconf 91' lang='lat' dir='ltr'><strong>iuter</strong></span> 
     </span>
     <span class='ocr_line' id='line_1_12' title="bbox 54 1396 1234 1478; baseline -0.003 -17"><span class='ocrx_word' id='word_1_95' title='bbox 54 1398 121 1462; x_wconf 92' lang='lat' dir='ltr'><strong>c.8</strong></span> <span class='ocrx_word' id='word_1_96' title='bbox 147 1408 177 1460; x_wconf 95' lang='lat' dir='ltr'><strong>et</strong></span> <span class='ocrx_word' id='word_1_97' title='bbox 201 1419 226 1462; x_wconf 89' lang='lat' dir='ltr'><strong>c.</strong></span> <span class='ocrx_word' id='word_1_98' title='bbox 247 1396 289 1460; x_wconf 89' lang='grc'><strong>14</strong></span> <span class='ocrx_word' id='word_1_99' title='bbox 316 1399 473 1459; x_wconf 83' lang='lat' dir='ltr'><strong>manifesto</strong></span> <span class='ocrx_word' id='word_1_100' title='bbox 502 1401 730 1476; x_wconf 83' lang='lat' dir='ltr'><strong>interrumpent.</strong></span> <span class='ocrx_word' id='word_1_101' title='bbox 760 1433 802 1440; x_wconf 89' lang='lat'>—</span> <span class='ocrx_word' id='word_1_102' title='bbox 830 1399 872 1458; x_wconf 83' lang='lat' dir='ltr'><strong>lle</strong></span> <span class='ocrx_word' id='word_1_103' title='bbox 898 1400 996 1478; x_wconf 89' lang='lat' dir='ltr'><strong>capite</strong></span> <span class='ocrx_word' id='word_1_104' title='bbox 1020 1397 1041 1460; x_wconf 87' lang='lat'>9</span> <span class='ocrx_word' id='word_1_105' title='bbox 1064 1418 1132 1459; x_wconf 86' lang='lat' dir='ltr'><strong>mox</strong></span> <span class='ocrx_word' id='word_1_106' title='bbox 1157 1399 1234 1459; x_wconf 91' lang='lat' dir='ltr'><strong>vide·</strong></span> 
     </span>
     <span class='ocr_line' id='line_1_13' title="bbox 55 1499 166 1558; baseline -0.009 0"><span class='ocrx_word' id='word_1_107' title='bbox 55 1499 166 1558; x_wconf 87' lang='lat' dir='ltr'><strong>bimus.</strong></span> 
     </span>
    </p>

    <p class='ocr_par' dir='ltr' id='par_1_5' title="bbox 148 1593 1234 1673">
     <span class='ocr_line' id='line_1_14' title="bbox 148 1593 1234 1673; baseline -0.001 -19"><span class='ocrx_word' id='word_1_108' title='bbox 148 1594 209 1655; x_wconf 90' lang='lat' dir='ltr'><strong>lam</strong></span> <span class='ocrx_word' id='word_1_109' title='bbox 235 1601 385 1655; x_wconf 87' lang='lat' dir='ltr'><strong>tentemus</strong></span> <span class='ocrx_word' id='word_1_110' title='bbox 409 1597 517 1655; x_wconf 86' lang='lat' dir='ltr'><strong>veteris</strong></span> <span class='ocrx_word' id='word_1_111' title='bbox 541 1596 746 1655; x_wconf 89' lang='lat' dir='ltr'><strong>commentarii</strong></span> <span class='ocrx_word' id='word_1_112' title='bbox 771 1612 859 1673; x_wconf 89' lang='lat' dir='ltr'><strong>quem</strong></span> <span class='ocrx_word' id='word_1_113' title='bbox 881 1594 958 1655; x_wconf 87' lang='lat' dir='ltr'><strong>Plut.</strong></span> <span class='ocrx_word' id='word_1_114' title='bbox 982 1596 1046 1654; x_wconf 91' lang='lat' dir='ltr'><strong>sine</strong></span> <span class='ocrx_word' id='word_1_115' title='bbox 1070 1593 1161 1654; x_wconf 89' lang='lat' dir='ltr'><strong>dubio</strong></span> <span class='ocrx_word' id='word_1_116' title='bbox 1186 1613 1234 1653; x_wconf 82' lang='lat' dir='ltr'><strong>ex·</strong></span> 
     </span>
    </p>
   </div>
   <div class='ocr_carea' id='block_1_3' title="bbox 55 1691 1351 1773">
    <p class='ocr_par' dir='ltr' id='par_1_6' title="bbox 55 1691 1351 1773">
     <span class='ocr_line' id='line_1_15' title="bbox 55 1691 1351 1773; baseline -0.002 -20"><span class='ocrx_word' id='word_1_117' title='bbox 55 1696 168 1772; x_wconf 87' lang='lat' dir='ltr'><strong>pressit</strong></span> <span class='ocrx_word' id='word_1_118' title='bbox 191 1692 341 1773; x_wconf 82' lang='lat' dir='ltr'><strong>ordinem,</strong></span> <span class='ocrx_word' id='word_1_119' title='bbox 371 1692 467 1772; x_wconf 90' lang='lat' dir='ltr'><strong>quoad</strong></span> <span class='ocrx_word' id='word_1_120' title='bbox 492 1692 576 1772; x_wconf 91' lang='lat' dir='ltr'><strong>licet,</strong></span> <span class='ocrx_word' id='word_1_121' title='bbox 603 1695 772 1754; x_wconf 88' lang='lat' dir='ltr'><strong>restituere.</strong></span> <span class='ocrx_word' id='word_1_122' title='bbox 819 1691 881 1752; x_wconf 93' lang='lat' dir='ltr'><strong>lloc</strong></span> <span class='ocrx_word' id='word_1_123' title='bbox 906 1693 968 1752; x_wconf 88' lang='lat' dir='ltr'><strong>lere</strong></span> <span class='ocrx_word' id='word_1_124' title='bbox 992 1695 1056 1752; x_wconf 90' lang='lat' dir='ltr'><strong>eius</strong></span> <span class='ocrx_word' id='word_1_125' title='bbox 1080 1710 1235 1770; x_wconf 83' lang='lat' dir='ltr'><strong>argumen·</strong></span> <span class='ocrx_word' id='word_1_126' title='bbox 1350 1763 1351 1766; x_wconf 7' lang='grc' dir='ltr'><strong>Ἴ</strong></span> 
     </span>
    </p>
   </div>
   <div class='ocr_carea' id='block_1_4' title="bbox 17 1789 1260 4411">
    <p class='ocr_par' dir='ltr' id='par_1_7' title="bbox 55 1789 1236 2554">
     <span class='ocr_line' id='line_1_16' title="bbox 55 1789 1235 1869; baseline -0.002 -18"><span class='ocrx_word' id='word_1_127' title='bbox 55 1800 122 1851; x_wconf 86' lang='grc'><strong>111111</strong></span> <span class='ocrx_word' id='word_1_128' title='bbox 147 1790 278 1852; x_wconf 89' lang='lat' dir='ltr'><strong>videtur:</strong></span> <span class='ocrx_word' id='word_1_129' title='bbox 302 1790 452 1850; x_wconf 92' lang='lat' dir='ltr'><strong>hominem</strong></span> <span class='ocrx_word' id='word_1_130' title='bbox 477 1792 640 1869; x_wconf 91' lang='lat' dir='ltr'><strong>sapientem</strong></span> <span class='ocrx_word' id='word_1_131' title='bbox 665 1790 751 1850; x_wconf 91' lang='lat' dir='ltr'><strong>decet</strong></span> <span class='ocrx_word' id='word_1_132' title='bbox 774 1808 810 1849; x_wconf 87' lang='grc'><strong>911</strong></span> <span class='ocrx_word' id='word_1_133' title='bbox 835 1789 1043 1850; x_wconf 85' lang='lat' dir='ltr'><strong>adversissima</strong></span> <span class='ocrx_word' id='word_1_134' title='bbox 1067 1808 1183 1869; x_wconf 85' lang='lat' dir='ltr'><strong>quaque</strong></span> <span class='ocrx_word' id='word_1_135' title='bbox 1203 1808 1235 1849; x_wconf 92' lang='lat' dir='ltr'><strong>re</strong></span> 
     </span>
     <span class='ocr_line' id='line_1_17' title="bbox 57 1887 1235 1968; baseline -0.001 -20"><span class='ocrx_word' id='word_1_136' title='bbox 57 1888 172 1968; x_wconf 90' lang='lat' dir='ltr'><strong>aliquid</strong></span> <span class='ocrx_word' id='word_1_137' title='bbox 196 1888 269 1948; x_wconf 91' lang='lat' dir='ltr'><strong>utile</strong></span> <span class='ocrx_word' id='word_1_138' title='bbox 293 1906 408 1966; x_wconf 87' lang='lat' dir='ltr'><strong>capere,</strong></span> <span class='ocrx_word' id='word_1_139' title='bbox 432 1890 477 1947; x_wconf 91' lang='lat' dir='ltr'><strong>uti</strong></span> <span class='ocrx_word' id='word_1_140' title='bbox 501 1906 570 1967; x_wconf 90' lang='lat' dir='ltr'><strong>apes</strong></span> <span class='ocrx_word' id='word_1_141' title='bbox 594 1907 629 1948; x_wconf 83' lang='lat' dir='ltr'><strong>ex</strong></span> <span class='ocrx_word' id='word_1_142' title='bbox 652 1887 754 1947; x_wconf 91' lang='lat' dir='ltr'><strong>herbis</strong></span> <span class='ocrx_word' id='word_1_143' title='bbox 774 1887 974 1948; x_wconf 89' lang='lat' dir='ltr'><strong>acerbissimis</strong></span> <span class='ocrx_word' id='word_1_144' title='bbox 994 1906 1081 1948; x_wconf 87' lang='lat' dir='ltr'><strong>suave</strong></span> <span class='ocrx_word' id='word_1_145' title='bbox 1100 1888 1159 1948; x_wconf 94' lang='lat' dir='ltr'><strong>mel</strong></span> <span class='ocrx_word' id='word_1_146' title='bbox 1178 1887 1235 1948; x_wconf 92' lang='lat' dir='ltr'><strong>col-</strong></span> 
     </span>
     <span class='ocr_line' id='line_1_18' title="bbox 56 1977 1234 2069; baseline -0.001 -23"><span class='ocrx_word' id='word_1_147' title='bbox 56 1988 165 2065; x_wconf 85' lang='lat' dir='ltr'><strong>ligunt.</strong></span> <span class='ocrx_word' id='word_1_148' title='bbox 213 1980 293 2068; x_wconf 84' lang='grc'><strong>(9.5</strong></span> <span class='ocrx_word' id='word_1_149' title='bbox 317 1994 347 2046; x_wconf 89' lang='grc'><strong>91</strong></span> <span class='ocrx_word' id='word_1_150' title='bbox 370 1977 429 2069; x_wconf 84' lang='lat'><strong>6¹.)</strong></span> <span class='ocrx_word' id='word_1_151' title='bbox 475 1984 549 2045; x_wconf 89' lang='lat' dir='ltr'><strong>Prae</strong></span> <span class='ocrx_word' id='word_1_152' title='bbox 579 1986 689 2047; x_wconf 90' lang='lat' dir='ltr'><strong>ceteris</strong></span> <span class='ocrx_word' id='word_1_153' title='bbox 717 1985 818 2045; x_wconf 89' lang='lat' dir='ltr'><strong>oculos</strong></span> <span class='ocrx_word' id='word_1_154' title='bbox 846 2004 906 2045; x_wconf 94' lang='lat' dir='ltr'><strong>non</strong></span> <span class='ocrx_word' id='word_1_155' title='bbox 934 2003 1053 2064; x_wconf 90' lang='lat' dir='ltr'><strong>semper</strong></span> <span class='ocrx_word' id='word_1_156' title='bbox 1079 1985 1164 2045; x_wconf 89' lang='lat' dir='ltr'><strong>malis</strong></span> <span class='ocrx_word' id='word_1_157' title='bbox 1192 1988 1234 2045; x_wconf 93' lang='lat' dir='ltr'><strong>in-</strong></span> 
     </span>
     <span class='ocr_line' id='line_1_19' title="bbox 59 2083 1236 2162; baseline 0 -19"><span class='ocrx_word' id='word_1_158' title='bbox 59 2086 131 2162; x_wconf 85' lang='lat' dir='ltr'><strong>ligat</strong></span> <span class='ocrx_word' id='word_1_159' title='bbox 161 2083 212 2143; x_wconf 91' lang='lat' dir='ltr'><strong>sed</strong></span> <span class='ocrx_word' id='word_1_160' title='bbox 243 2085 434 2144; x_wconf 87' lang='lat' dir='ltr'><strong>commisceat</strong></span> <span class='ocrx_word' id='word_1_161' title='bbox 462 2102 495 2143; x_wconf 91' lang='lat' dir='ltr'><strong>ea</strong></span> <span class='ocrx_word' id='word_1_162' title='bbox 523 2102 590 2143; x_wconf 89' lang='lat' dir='ltr'><strong>curn</strong></span> <span class='ocrx_word' id='word_1_163' title='bbox 615 2083 701 2143; x_wconf 92' lang='lat' dir='ltr'><strong>bonis</strong></span> <span class='ocrx_word' id='word_1_164' title='bbox 724 2083 780 2143; x_wconf 92' lang='lat' dir='ltr'><strong>hoc</strong></span> <span class='ocrx_word' id='word_1_165' title='bbox 805 2083 891 2143; x_wconf 89' lang='lat' dir='ltr'><strong>modo</strong></span> <span class='ocrx_word' id='word_1_166' title='bbox 915 2084 1076 2143; x_wconf 83' lang='lat' dir='ltr'><strong>infortunia</strong></span> <span class='ocrx_word' id='word_1_167' title='bbox 1100 2092 1236 2144; x_wconf 87' lang='lat' dir='ltr'><strong>tenuans.</strong></span> 
     </span>
     <span class='ocr_line' id='line_1_20' title="bbox 59 2174 1235 2263; baseline 0.001 -22"><span class='ocrx_word' id='word_1_168' title='bbox 59 2182 144 2252; x_wconf 81' lang='lat' dir='ltr'><strong>Quae</strong></span> <span class='ocrx_word' id='word_1_169' title='bbox 165 2184 312 2241; x_wconf 91' lang='lat' dir='ltr'><strong>sententia</strong></span> <span class='ocrx_word' id='word_1_170' title='bbox 332 2182 468 2241; x_wconf 89' lang='lat' dir='ltr'><strong>llrrnatur</strong></span> <span class='ocrx_word' id='word_1_171' title='bbox 487 2181 680 2242; x_wconf 90' lang='lat' dir='ltr'><strong>similitudine</strong></span> <span class='ocrx_word' id='word_1_172' title='bbox 699 2199 714 2240; x_wconf 95' lang='lat' dir='ltr'><strong>a</strong></span> <span class='ocrx_word' id='word_1_173' title='bbox 734 2183 826 2260; x_wconf 90' lang='lat' dir='ltr'><strong>pratis</strong></span> <span class='ocrx_word' id='word_1_174' title='bbox 845 2182 936 2261; x_wconf 89' lang='lat' dir='ltr'><strong>petita</strong></span> <span class='ocrx_word' id='word_1_175' title='bbox 951 2183 1105 2260; x_wconf 83' lang='lat' dir='ltr'><strong>exquisita.</strong></span> <span class='ocrx_word' id='word_1_176' title='bbox 1135 2174 1176 2263; x_wconf 92' lang='lat' dir='ltr'><strong>(c.</strong></span> <span class='ocrx_word' id='word_1_177' title='bbox 1191 2175 1235 2261; x_wconf 86' lang='lat'><strong>8.)</strong></span> 
     </span>
     <span class='ocr_line' id='line_1_21' title="bbox 58 2276 1235 2358; baseline 0.001 -20"><span class='ocrx_word' id='word_1_178' title='bbox 58 2279 249 2349; x_wconf 85' lang='lat' dir='ltr'><strong>Quibuscum</strong></span> <span class='ocrx_word' id='word_1_179' title='bbox 278 2278 507 2357; x_wconf 82' lang='lat' dir='ltr'><strong>cogitationibus</strong></span> <span class='ocrx_word' id='word_1_180' title='bbox 536 2281 620 2356; x_wconf 89' lang='lat' dir='ltr'><strong>quasi</strong></span> <span class='ocrx_word' id='word_1_181' title='bbox 646 2297 699 2357; x_wconf 88' lang='lat' dir='ltr'><strong>per</strong></span> <span class='ocrx_word' id='word_1_182' title='bbox 723 2297 754 2338; x_wconf 93' lang='lat' dir='ltr'><strong>se</strong></span> <span class='ocrx_word' id='word_1_183' title='bbox 779 2281 945 2340; x_wconf 89' lang='lat' dir='ltr'><strong>conectitur</strong></span> <span class='ocrx_word' id='word_1_184' title='bbox 969 2298 994 2340; x_wconf 91' lang='lat' dir='ltr'><strong>c.</strong></span> <span class='ocrx_word' id='word_1_185' title='bbox 1010 2276 1051 2340; x_wconf 83' lang='lat'><strong>15</strong></span> <span class='ocrx_word' id='word_1_186' title='bbox 1075 2279 1127 2340; x_wconf 90' lang='lat' dir='ltr'><strong>ubi</strong></span> <span class='ocrx_word' id='word_1_187' title='bbox 1150 2278 1235 2358; x_wconf 91' lang='lat' dir='ltr'><strong>plane</strong></span> 
     </span>
     <span class='ocr_line' id='line_1_22' title="bbox 63 2375 1019 2437; baseline 0 0"><span class='ocrx_word' id='word_1_188' title='bbox 63 2377 144 2437; x_wconf 88' lang='lat' dir='ltr'><strong>idern</strong></span> <span class='ocrx_word' id='word_1_189' title='bbox 169 2375 233 2436; x_wconf 91' lang='lat' dir='ltr'><strong>aliis</strong></span> <span class='ocrx_word' id='word_1_190' title='bbox 257 2376 501 2437; x_wconf 89' lang='lat' dir='ltr'><strong>similitudinibus</strong></span> <span class='ocrx_word' id='word_1_191' title='bbox 524 2378 650 2436; x_wconf 89' lang='lat' dir='ltr'><strong>iteratur</strong></span> <span class='ocrx_word' id='word_1_192' title='bbox 673 2384 703 2436; x_wconf 91' lang='lat' dir='ltr'><strong>et</strong></span> <span class='ocrx_word' id='word_1_193' title='bbox 726 2376 822 2436; x_wconf 82' lang='lat' dir='ltr'><strong>fusius</strong></span> <span class='ocrx_word' id='word_1_194' title='bbox 844 2376 1019 2437; x_wconf 86' lang='lat' dir='ltr'><strong>illustratur.</strong></span> 
     </span>
     <span class='ocr_line' id='line_1_23' title="bbox 119 2465 1234 2554; baseline 0.001 -21"><span class='ocrx_word' id='word_1_195' title='bbox 119 2484 120 2487; x_wconf 75' lang='grc'>’</span> <span class='ocrx_word' id='word_1_196' title='bbox 150 2475 188 2534; x_wconf 80' lang='lat' dir='ltr'><strong>ht</strong></span> <span class='ocrx_word' id='word_1_197' title='bbox 212 2476 304 2534; x_wconf 91' lang='lat' dir='ltr'><strong>anteit</strong></span> <span class='ocrx_word' id='word_1_198' title='bbox 328 2492 352 2534; x_wconf 94' lang='lat' dir='ltr'><strong>c.</strong></span> <span class='ocrx_word' id='word_1_199' title='bbox 374 2470 415 2535; x_wconf 90' lang='grc'><strong>14</strong></span> <span class='ocrx_word' id='word_1_200' title='bbox 439 2493 455 2533; x_wconf 88' lang='grc'><strong>9</strong></span> <span class='ocrx_word' id='word_1_201' title='bbox 480 2493 538 2553; x_wconf 90' lang='lat' dir='ltr'><strong>quo</strong></span> <span class='ocrx_word' id='word_1_202' title='bbox 563 2475 724 2552; x_wconf 87' lang='lat' dir='ltr'><strong>accipimus</strong></span> <span class='ocrx_word' id='word_1_203' title='bbox 743 2473 790 2533; x_wconf 87' lang='lat' dir='ltr'><strong>vel</strong></span> <span class='ocrx_word' id='word_1_204' title='bbox 807 2465 1131 2553; x_wconf 52' lang='lat' dir='ltr'><strong>bonum&#39;praeteritum</strong></span> <span class='ocrx_word' id='word_1_205' title='bbox 1152 2484 1234 2554; x_wconf 81' lang='lat' dir='ltr'><strong>grato</strong></span> 
     </span>
    </p>

    <p class='ocr_par' dir='ltr' id='par_1_8' title="bbox 56 2570 1234 2651">
     <span class='ocr_line' id='line_1_24' title="bbox 56 2570 1234 2651; baseline 0.003 -19"><span class='ocrx_word' id='word_1_206' title='bbox 56 2575 158 2632; x_wconf 90' lang='lat' dir='ltr'><strong>animo</strong></span> <span class='ocrx_word' id='word_1_207' title='bbox 182 2573 247 2631; x_wconf 90' lang='lat' dir='ltr'><strong>eius</strong></span> <span class='ocrx_word' id='word_1_208' title='bbox 271 2574 443 2632; x_wconf 89' lang='lat' dir='ltr'><strong>memoriam</strong></span> <span class='ocrx_word' id='word_1_209' title='bbox 465 2571 665 2632; x_wconf 89' lang='lat' dir='ltr'><strong>retinentibus</strong></span> <span class='ocrx_word' id='word_1_210' title='bbox 685 2570 795 2631; x_wconf 89' lang='lat' dir='ltr'><strong>bonum</strong></span> <span class='ocrx_word' id='word_1_211' title='bbox 814 2573 844 2630; x_wconf 91' lang='lat' dir='ltr'><strong>in</strong></span> <span class='ocrx_word' id='word_1_212' title='bbox 864 2589 1006 2651; x_wconf 90' lang='lat' dir='ltr'><strong>praesens</strong></span> <span class='ocrx_word' id='word_1_213' title='bbox 1025 2581 1142 2651; x_wconf 90' lang='lat' dir='ltr'><strong>tempus</strong></span> <span class='ocrx_word' id='word_1_214' title='bbox 1161 2573 1234 2636; x_wconf 86' lang='lat' dir='ltr'><strong>lieri.</strong></span> 
     </span>
    </p>

    <p class='ocr_par' dir='ltr' id='par_1_9' title="bbox 56 2667 1234 3040">
     <span class='ocr_line' id='line_1_25' title="bbox 151 2667 1233 2750; baseline 0 -20"><span class='ocrx_word' id='word_1_215' title='bbox 151 2669 234 2740; x_wconf 88' lang='lat' dir='ltr'><strong>Quae</strong></span> <span class='ocrx_word' id='word_1_216' title='bbox 263 2688 331 2730; x_wconf 87' lang='lat' dir='ltr'><strong>curn</strong></span> <span class='ocrx_word' id='word_1_217' title='bbox 359 2670 399 2729; x_wconf 91' lang='lat' dir='ltr'><strong>ita</strong></span> <span class='ocrx_word' id='word_1_218' title='bbox 429 2672 501 2750; x_wconf 91' lang='lat' dir='ltr'><strong>sint,</strong></span> <span class='ocrx_word' id='word_1_219' title='bbox 529 2671 608 2729; x_wconf 91' lang='lat' dir='ltr'><strong>iuter</strong></span> <span class='ocrx_word' id='word_1_220' title='bbox 633 2671 728 2747; x_wconf 92' lang='lat' dir='ltr'><strong>capita</strong></span> <span class='ocrx_word' id='word_1_221' title='bbox 753 2667 772 2729; x_wconf 90' lang='lat'>8</span> <span class='ocrx_word' id='word_1_222' title='bbox 797 2679 827 2729; x_wconf 92' lang='lat' dir='ltr'><strong>et</strong></span> <span class='ocrx_word' id='word_1_223' title='bbox 852 2667 893 2730; x_wconf 88' lang='lat'><strong>14</strong></span> <span class='ocrx_word' id='word_1_224' title='bbox 916 2680 949 2730; x_wconf 91' lang='lat' dir='ltr'><strong>ut</strong></span> <span class='ocrx_word' id='word_1_225' title='bbox 971 2671 1051 2730; x_wconf 89' lang='lat' dir='ltr'><strong>iuter</strong></span> <span class='ocrx_word' id='word_1_226' title='bbox 1074 2688 1106 2730; x_wconf 91' lang='lat' dir='ltr'><strong>se</strong></span> <span class='ocrx_word' id='word_1_227' title='bbox 1130 2674 1233 2731; x_wconf 89' lang='lat' dir='ltr'><strong>conec-</strong></span> 
     </span>
     <span class='ocr_line' id='line_1_26' title="bbox 56 2765 1234 2846; baseline 0.001 -18"><span class='ocrx_word' id='word_1_228' title='bbox 56 2775 161 2828; x_wconf 91' lang='lat' dir='ltr'><strong>tantnr</strong></span> <span class='ocrx_word' id='word_1_229' title='bbox 193 2766 266 2826; x_wconf 93' lang='lat' dir='ltr'><strong>haec</strong></span> <span class='ocrx_word' id='word_1_230' title='bbox 300 2767 362 2827; x_wconf 84' lang='lat' dir='ltr'><strong>lere</strong></span> <span class='ocrx_word' id='word_1_231' title='bbox 391 2765 554 2846; x_wconf 89' lang='lat' dir='ltr'><strong>supplenda</strong></span> <span class='ocrx_word' id='word_1_232' title='bbox 583 2775 666 2827; x_wconf 90' lang='lat' dir='ltr'><strong>suut:</strong></span> <span class='ocrx_word' id='word_1_233' title='bbox 698 2766 774 2835; x_wconf 82' lang='lat' dir='ltr'><strong>Quid</strong></span> <span class='ocrx_word' id='word_1_234' title='bbox 804 2769 830 2827; x_wconf 91' lang='lat' dir='ltr'><strong>si</strong></span> <span class='ocrx_word' id='word_1_235' title='bbox 857 2769 887 2827; x_wconf 93' lang='lat' dir='ltr'><strong>in</strong></span> <span class='ocrx_word' id='word_1_236' title='bbox 916 2767 976 2828; x_wconf 96' lang='lat' dir='ltr'><strong>ullo</strong></span> <span class='ocrx_word' id='word_1_237' title='bbox 1005 2770 1080 2827; x_wconf 90' lang='lat' dir='ltr'><strong>vitae</strong></span> <span class='ocrx_word' id='word_1_238' title='bbox 1109 2768 1234 2829; x_wconf 93' lang='lat' dir='ltr'><strong>articulo</strong></span> 
     </span>
     <span class='ocr_line' id='line_1_27' title="bbox 57 2863 1234 2944; baseline 0.001 -20"><span class='ocrx_word' id='word_1_239' title='bbox 57 2865 184 2925; x_wconf 88' lang='lat' dir='ltr'><strong>summis</strong></span> <span class='ocrx_word' id='word_1_240' title='bbox 208 2863 424 2924; x_wconf 90' lang='lat' dir='ltr'><strong>calamitatibus</strong></span> <span class='ocrx_word' id='word_1_241' title='bbox 444 2865 649 2944; x_wconf 88' lang='lat' dir='ltr'><strong>opprimimur,</strong></span> <span class='ocrx_word' id='word_1_242' title='bbox 674 2872 757 2924; x_wconf 91' lang='lat' dir='ltr'><strong>estne</strong></span> <span class='ocrx_word' id='word_1_243' title='bbox 777 2874 840 2925; x_wconf 89' lang='lat' dir='ltr'><strong>turn</strong></span> <span class='ocrx_word' id='word_1_244' title='bbox 860 2864 933 2925; x_wconf 92' lang='lat' dir='ltr'><strong>nihil</strong></span> <span class='ocrx_word' id='word_1_245' title='bbox 953 2865 1040 2944; x_wconf 86' lang='lat' dir='ltr'><strong>plane</strong></span> <span class='ocrx_word' id='word_1_246' title='bbox 1059 2864 1128 2925; x_wconf 93' lang='lat' dir='ltr'><strong>boni</strong></span> <span class='ocrx_word' id='word_1_247' title='bbox 1149 2865 1234 2926; x_wconf 92' lang='lat' dir='ltr'><strong>nobis</strong></span> 
     </span>
     <span class='ocr_line' id='line_1_28' title="bbox 56 2958 231 3040; baseline 0.006 -19"><span class='ocrx_word' id='word_1_248' title='bbox 56 2958 231 3040; x_wconf 82' lang='lat' dir='ltr'><strong>reliquum?</strong></span> 
     </span>
    </p>

    <p class='ocr_par' dir='ltr' id='par_1_10' title="bbox 59 3057 1235 3237">
     <span class='ocr_line' id='line_1_29' title="bbox 149 3057 1235 3140; baseline 0.004 -22"><span class='ocrx_word' id='word_1_249' title='bbox 149 3057 270 3118; x_wconf 89' lang='lat' dir='ltr'><strong>Homini</strong></span> <span class='ocrx_word' id='word_1_250' title='bbox 298 3058 349 3119; x_wconf 90' lang='lat' dir='ltr'><strong>tali</strong></span> <span class='ocrx_word' id='word_1_251' title='bbox 373 3059 453 3120; x_wconf 90' lang='lat' dir='ltr'><strong>modi</strong></span> <span class='ocrx_word' id='word_1_252' title='bbox 478 3060 634 3139; x_wconf 88' lang='lat' dir='ltr'><strong>quaerenti</strong></span> <span class='ocrx_word' id='word_1_253' title='bbox 658 3058 874 3121; x_wconf 82' lang='lat' dir='ltr'><strong>Chaeronensis</strong></span> <span class='ocrx_word' id='word_1_254' title='bbox 897 3063 928 3120; x_wconf 93' lang='lat' dir='ltr'><strong>in</strong></span> <span class='ocrx_word' id='word_1_255' title='bbox 952 3080 976 3120; x_wconf 89' lang='lat' dir='ltr'><strong>c.</strong></span> <span class='ocrx_word' id='word_1_256' title='bbox 998 3057 1040 3122; x_wconf 88' lang='lat'><strong>14</strong></span> <span class='ocrx_word' id='word_1_257' title='bbox 1062 3061 1235 3140; x_wconf 86' lang='lat' dir='ltr'><strong>respondet:</strong></span> 
     </span>
     <span class='ocr_line' id='line_1_30' title="bbox 59 3156 1234 3237; baseline 0.002 -20"><span class='ocrx_word' id='word_1_258' title='bbox 59 3157 134 3218; x_wconf 92' lang='lat' dir='ltr'><strong>lllud</strong></span> <span class='ocrx_word' id='word_1_259' title='bbox 163 3156 274 3217; x_wconf 89' lang='lat' dir='ltr'><strong>bonum</strong></span> <span class='ocrx_word' id='word_1_260' title='bbox 305 3156 385 3236; x_wconf 89' lang='lat' dir='ltr'><strong>quod</strong></span> <span class='ocrx_word' id='word_1_261' title='bbox 414 3156 565 3218; x_wconf 88' lang='lat' dir='ltr'><strong>desideras</strong></span> <span class='ocrx_word' id='word_1_262' title='bbox 593 3157 717 3236; x_wconf 90' lang='lat' dir='ltr'><strong>praebet</strong></span> <span class='ocrx_word' id='word_1_263' title='bbox 740 3157 795 3217; x_wconf 91' lang='lat' dir='ltr'><strong>tibi</strong></span> <span class='ocrx_word' id='word_1_264' title='bbox 819 3158 888 3219; x_wconf 90' lang='lat' dir='ltr'><strong>boui</strong></span> <span class='ocrx_word' id='word_1_265' title='bbox 911 3160 1064 3237; x_wconf 90' lang='lat' dir='ltr'><strong>praeteriti</strong></span> <span class='ocrx_word' id='word_1_266' title='bbox 1085 3162 1234 3219; x_wconf 91' lang='lat' dir='ltr'><strong>memoria.</strong></span> 
     </span>
    </p>

    <p class='ocr_par' dir='ltr' id='par_1_11' title="bbox 59 3252 1235 3434">
     <span class='ocr_line' id='line_1_31' title="bbox 150 3252 1235 3336; baseline 0.002 -23"><span class='ocrx_word' id='word_1_267' title='bbox 150 3252 183 3313; x_wconf 93' lang='lat' dir='ltr'><strong>ln</strong></span> <span class='ocrx_word' id='word_1_268' title='bbox 208 3253 264 3314; x_wconf 93' lang='lat' dir='ltr'><strong>boc</strong></span> <span class='ocrx_word' id='word_1_269' title='bbox 288 3257 503 3315; x_wconf 89' lang='lat' dir='ltr'><strong>sententiarum</strong></span> <span class='ocrx_word' id='word_1_270' title='bbox 523 3274 684 3334; x_wconf 84' lang='lat' dir='ltr'><strong>progressu</strong></span> <span class='ocrx_word' id='word_1_271' title='bbox 705 3257 793 3315; x_wconf 92' lang='lat' dir='ltr'><strong>etiam</strong></span> <span class='ocrx_word' id='word_1_272' title='bbox 813 3252 872 3315; x_wconf 91' lang='lat' dir='ltr'><strong>c.9</strong></span> <span class='ocrx_word' id='word_1_273' title='bbox 892 3255 1062 3334; x_wconf 91' lang='lat' dir='ltr'><strong>ponendum</strong></span> <span class='ocrx_word' id='word_1_274' title='bbox 1082 3257 1235 3336; x_wconf 90' lang='lat' dir='ltr'><strong>estquod,</strong></span> 
     </span>
     <span class='ocr_line' id='line_1_32' title="bbox 59 3351 1235 3434; baseline 0 -20"><span class='ocrx_word' id='word_1_275' title='bbox 59 3357 84 3414; x_wconf 91' lang='lat' dir='ltr'><strong>si</strong></span> <span class='ocrx_word' id='word_1_276' title='bbox 110 3371 144 3412; x_wconf 92' lang='lat' dir='ltr'><strong>ea</strong></span> <span class='ocrx_word' id='word_1_277' title='bbox 169 3371 243 3432; x_wconf 90' lang='lat' dir='ltr'><strong>quae</strong></span> <span class='ocrx_word' id='word_1_278' title='bbox 268 3355 390 3431; x_wconf 85' lang='lat' dir='ltr'><strong>exposui</strong></span> <span class='ocrx_word' id='word_1_279' title='bbox 415 3361 496 3414; x_wconf 91' lang='lat' dir='ltr'><strong>recte</strong></span> <span class='ocrx_word' id='word_1_280' title='bbox 520 3355 655 3432; x_wconf 80' lang='lat' dir='ltr'><strong>exposita</strong></span> <span class='ocrx_word' id='word_1_281' title='bbox 679 3362 761 3432; x_wconf 93' lang='lat' dir='ltr'><strong>sunt,</strong></span> <span class='ocrx_word' id='word_1_282' title='bbox 788 3373 812 3414; x_wconf 92' lang='lat' dir='ltr'><strong>c.</strong></span> <span class='ocrx_word' id='word_1_283' title='bbox 833 3351 852 3414; x_wconf 88' lang='grc'>8</span> <span class='ocrx_word' id='word_1_284' title='bbox 877 3355 988 3431; x_wconf 90' lang='lat' dir='ltr'><strong>optime</strong></span> <span class='ocrx_word' id='word_1_285' title='bbox 1011 3355 1178 3434; x_wconf 92' lang='lat' dir='ltr'><strong>continuat,</strong></span> <span class='ocrx_word' id='word_1_286' title='bbox 1202 3363 1235 3414; x_wconf 92' lang='lat' dir='ltr'><strong>ut</strong></span> 
     </span>
    </p>

    <p class='ocr_par' dir='ltr' id='par_1_12' title="bbox 60 3447 1162 3529">
     <span class='ocr_line' id='line_1_33' title="bbox 60 3447 1162 3529; baseline 0.003 -20"><span class='ocrx_word' id='word_1_287' title='bbox 60 3468 121 3510; x_wconf 92' lang='lat' dir='ltr'><strong>non</strong></span> <span class='ocrx_word' id='word_1_288' title='bbox 146 3449 278 3510; x_wconf 89' lang='lat' dir='ltr'><strong>dubitem</strong></span> <span class='ocrx_word' id='word_1_289' title='bbox 304 3452 375 3529; x_wconf 93' lang='lat' dir='ltr'><strong>quin</strong></span> <span class='ocrx_word' id='word_1_290' title='bbox 400 3470 424 3512; x_wconf 91' lang='lat' dir='ltr'><strong>c.</strong></span> <span class='ocrx_word' id='word_1_291' title='bbox 444 3448 464 3511; x_wconf 88' lang='grc'>9</span> <span class='ocrx_word' id='word_1_292' title='bbox 488 3450 524 3510; x_wconf 92' lang='lat' dir='ltr'><strong>ab</strong></span> <span class='ocrx_word' id='word_1_293' title='bbox 548 3449 695 3529; x_wconf 91' lang='lat' dir='ltr'><strong>capitibus</strong></span> <span class='ocrx_word' id='word_1_294' title='bbox 720 3447 851 3512; x_wconf 83' lang='lat'>10-13</span> <span class='ocrx_word' id='word_1_295' title='bbox 876 3452 1093 3512; x_wconf 89' lang='lat' dir='ltr'><strong>secernendum</strong></span> <span class='ocrx_word' id='word_1_296' title='bbox 1117 3454 1162 3512; x_wconf 90' lang='lat' dir='ltr'><strong>sit.</strong></span> 
     </span>
    </p>

    <p class='ocr_par' dir='ltr' id='par_1_13' title="bbox 17 3545 1235 3802">
     <span class='ocr_line' id='line_1_34' title="bbox 17 3545 1235 3628; baseline 0.003 -22"><span class='ocrx_word' id='word_1_297' title='bbox 17 3559 20 3562; x_wconf 76' lang='grc'><em>’</em></span> <span class='ocrx_word' id='word_1_298' title='bbox 150 3546 311 3626; x_wconf 88' lang='lat' dir='ltr'><strong>Postquam</strong></span> <span class='ocrx_word' id='word_1_299' title='bbox 342 3549 374 3608; x_wconf 92' lang='lat' dir='ltr'><strong>in</strong></span> <span class='ocrx_word' id='word_1_300' title='bbox 408 3547 554 3626; x_wconf 91' lang='lat' dir='ltr'><strong>capitibus</strong></span> <span class='ocrx_word' id='word_1_301' title='bbox 588 3545 607 3608; x_wconf 89' lang='lat'>9</span> <span class='ocrx_word' id='word_1_302' title='bbox 637 3559 667 3608; x_wconf 90' lang='lat' dir='ltr'><strong>et</strong></span> <span class='ocrx_word' id='word_1_303' title='bbox 697 3545 737 3608; x_wconf 95' lang='lat'><strong>14</strong></span> <span class='ocrx_word' id='word_1_304' title='bbox 770 3548 914 3609; x_wconf 89' lang='lat' dir='ltr'><strong>dubitatio</strong></span> <span class='ocrx_word' id='word_1_305' title='bbox 947 3549 995 3608; x_wconf 92' lang='lat' dir='ltr'><strong>illa</strong></span> <span class='ocrx_word' id='word_1_306' title='bbox 1028 3568 1116 3628; x_wconf 92' lang='lat' dir='ltr'><strong>quarn</strong></span> <span class='ocrx_word' id='word_1_307' title='bbox 1145 3569 1235 3628; x_wconf 88' lang='lat' dir='ltr'><strong>supra</strong></span> 
     </span>
     <span class='ocr_line' id='line_1_35' title="bbox 60 3642 1234 3726; baseline 0.004 -21"><span class='ocrx_word' id='word_1_308' title='bbox 60 3645 132 3705; x_wconf 84' lang='lat' dir='ltr'><strong>finxi</strong></span> <span class='ocrx_word' id='word_1_309' title='bbox 161 3663 176 3704; x_wconf 96' lang='lat' dir='ltr'><strong>a</strong></span> <span class='ocrx_word' id='word_1_310' title='bbox 199 3644 358 3706; x_wconf 88' lang='lat' dir='ltr'><strong>Plutarcho</strong></span> <span class='ocrx_word' id='word_1_311' title='bbox 387 3644 502 3705; x_wconf 88' lang='lat' dir='ltr'><strong>sublata</strong></span> <span class='ocrx_word' id='word_1_312' title='bbox 531 3653 590 3726; x_wconf 91' lang='lat' dir='ltr'><strong>est,</strong></span> <span class='ocrx_word' id='word_1_313' title='bbox 619 3645 697 3705; x_wconf 91' lang='lat' dir='ltr'><strong>redit</strong></span> <span class='ocrx_word' id='word_1_314' title='bbox 724 3647 753 3706; x_wconf 92' lang='lat' dir='ltr'><strong>in</strong></span> <span class='ocrx_word' id='word_1_315' title='bbox 783 3665 807 3706; x_wconf 93' lang='lat' dir='ltr'><strong>c.</strong></span> <span class='ocrx_word' id='word_1_316' title='bbox 829 3642 869 3707; x_wconf 91' lang='grc'><strong>15</strong></span> <span class='ocrx_word' id='word_1_317' title='bbox 897 3645 933 3706; x_wconf 93' lang='lat' dir='ltr'><strong>ad</strong></span> <span class='ocrx_word' id='word_1_318' title='bbox 960 3664 992 3705; x_wconf 91' lang='lat' dir='ltr'><strong>ea</strong></span> <span class='ocrx_word' id='word_1_319' title='bbox 1018 3649 1145 3724; x_wconf 90' lang='lat' dir='ltr'><strong>quaein</strong></span> <span class='ocrx_word' id='word_1_320' title='bbox 1170 3646 1234 3710; x_wconf 89' lang='lat' dir='ltr'><strong>c8</strong></span> 
     </span>
     <span class='ocr_line' id='line_1_36' title="bbox 61 3743 289 3802; baseline 0 0"><span class='ocrx_word' id='word_1_321' title='bbox 61 3743 289 3802; x_wconf 82' lang='lat' dir='ltr'><strong>demonstraret.</strong></span> 
     </span>
    </p>

    <p class='ocr_par' dir='ltr' id='par_1_14' title="bbox 64 3839 1260 4312">
     <span class='ocr_line' id='line_1_37' title="bbox 153 3839 1260 3925; baseline 0.004 -27"><span class='ocrx_word' id='word_1_322' title='bbox 153 3839 213 3900; x_wconf 89' lang='lat' dir='ltr'><strong>lam</strong></span> <span class='ocrx_word' id='word_1_323' title='bbox 246 3841 271 3900; x_wconf 92' lang='lat' dir='ltr'><strong>si</strong></span> <span class='ocrx_word' id='word_1_324' title='bbox 304 3840 401 3900; x_wconf 90' lang='lat' dir='ltr'><strong>omnia</strong></span> <span class='ocrx_word' id='word_1_325' title='bbox 435 3840 714 3919; x_wconf 89' lang='lat' dir='ltr'><strong>comprehendimus</strong></span> <span class='ocrx_word' id='word_1_326' title='bbox 742 3841 902 3902; x_wconf 87' lang='lat' dir='ltr'><strong>verisimile</strong></span> <span class='ocrx_word' id='word_1_327' title='bbox 929 3843 963 3901; x_wconf 88' lang='lat' dir='ltr'><strong>lit</strong></span> <span class='ocrx_word' id='word_1_328' title='bbox 990 3845 1260 3925; x_wconf 88' lang='lat' dir='ltr'><strong>commentarium</strong></span> 
     </span>
     <span class='ocr_line' id='line_1_38' title="bbox 65 3928 1235 4023; baseline 0.003 -24"><span class='ocrx_word' id='word_1_329' title='bbox 65 3956 123 4016; x_wconf 91' lang='lat' dir='ltr'><strong>quo</strong></span> <span class='ocrx_word' id='word_1_330' title='bbox 147 3946 250 3998; x_wconf 91' lang='lat' dir='ltr'><strong>noster</strong></span> <span class='ocrx_word' id='word_1_331' title='bbox 273 3928 346 3998; x_wconf 87' lang='lat' dir='ltr'><strong>usus</strong></span> <span class='ocrx_word' id='word_1_332' title='bbox 370 3940 469 3998; x_wconf 90' lang='lat' dir='ltr'><strong>estin</strong></span> <span class='ocrx_word' id='word_1_333' title='bbox 493 3957 552 3999; x_wconf 92' lang='lat' dir='ltr'><strong>uno</strong></span> <span class='ocrx_word' id='word_1_334' title='bbox 576 3957 690 3999; x_wconf 85' lang='lat' dir='ltr'><strong>conexu</strong></span> <span class='ocrx_word' id='word_1_335' title='bbox 715 3939 885 4000; x_wconf 81' lang='lat' dir='ltr'><strong>exhibuisse</strong></span> <span class='ocrx_word' id='word_1_336' title='bbox 908 3941 1003 4018; x_wconf 93' lang='lat' dir='ltr'><strong>capita</strong></span> <span class='ocrx_word' id='word_1_337' title='bbox 1027 3936 1057 4019; x_wconf 86' lang='lat'><strong>5,</strong></span> <span class='ocrx_word' id='word_1_338' title='bbox 1077 3934 1136 4023; x_wconf 82' lang='lat'><strong>(6),</strong></span> <span class='ocrx_word' id='word_1_339' title='bbox 1157 3939 1185 4020; x_wconf 90' lang='lat'><strong>8,</strong></span> <span class='ocrx_word' id='word_1_340' title='bbox 1205 3938 1235 4021; x_wconf 89' lang='lat'><strong>9,</strong></span> 
     </span>
     <span class='ocr_line' id='line_1_39' title="bbox 68 4032 1235 4116; baseline 0.001 -20"><span class='ocrx_word' id='word_1_341' title='bbox 68 4032 184 4116; x_wconf 66' lang='lat'>1415,</span> <span class='ocrx_word' id='word_1_342' title='bbox 203 4054 291 4114; x_wconf 87' lang='lat' dir='ltr'><strong>quam</strong></span> <span class='ocrx_word' id='word_1_343' title='bbox 311 4037 512 4096; x_wconf 90' lang='lat' dir='ltr'><strong>coniecturam</strong></span> <span class='ocrx_word' id='word_1_344' title='bbox 531 4042 594 4096; x_wconf 93' lang='lat' dir='ltr'><strong>tum</strong></span> <span class='ocrx_word' id='word_1_345' title='bbox 614 4036 733 4096; x_wconf 88' lang='lat' dir='ltr'><strong>demum</strong></span> <span class='ocrx_word' id='word_1_346' title='bbox 753 4037 883 4097; x_wconf 86' lang='lat' dir='ltr'><strong>firmiore</strong></span> <span class='ocrx_word' id='word_1_347' title='bbox 898 4037 1088 4097; x_wconf 82' lang='lat' dir='ltr'><strong>fundamento</strong></span> <span class='ocrx_word' id='word_1_348' title='bbox 1104 4036 1235 4097; x_wconf 88' lang='lat' dir='ltr'><strong>stabilire</strong></span> 
     </span>
     <span class='ocr_line' id='line_1_40' title="bbox 65 4129 1235 4217; baseline 0.001 -24"><span class='ocrx_word' id='word_1_349' title='bbox 65 4135 238 4214; x_wconf 87' lang='lat' dir='ltr'><strong>poterimus,</strong></span> <span class='ocrx_word' id='word_1_350' title='bbox 262 4134 288 4193; x_wconf 89' lang='lat' dir='ltr'><strong>si</strong></span> <span class='ocrx_word' id='word_1_351' title='bbox 311 4132 346 4193; x_wconf 93' lang='lat' dir='ltr'><strong>ad</strong></span> <span class='ocrx_word' id='word_1_352' title='bbox 370 4134 468 4195; x_wconf 92' lang='lat' dir='ltr'><strong>locum</strong></span> <span class='ocrx_word' id='word_1_353' title='bbox 492 4134 639 4213; x_wconf 90' lang='lat' dir='ltr'><strong>quendam</strong></span> <span class='ocrx_word' id='word_1_354' title='bbox 659 4133 747 4194; x_wconf 90' lang='lat' dir='ltr'><strong>alium</strong></span> <span class='ocrx_word' id='word_1_355' title='bbox 767 4132 826 4195; x_wconf 89' lang='lat' dir='ltr'><strong>huc</strong></span> <span class='ocrx_word' id='word_1_356' title='bbox 846 4141 1028 4214; x_wconf 89' lang='lat' dir='ltr'><strong>spectantem</strong></span> <span class='ocrx_word' id='word_1_357' title='bbox 1048 4129 1117 4217; x_wconf 79' lang='lat' dir='ltr'><strong>(‘l)e</strong></span> <span class='ocrx_word' id='word_1_358' title='bbox 1136 4131 1235 4195; x_wconf 86' lang='lat' dir='ltr'><strong>exilio’</strong></span> 
     </span>
     <span class='ocr_line' id='line_1_41' title="bbox 64 4225 981 4312; baseline 0.001 -21"><span class='ocrx_word' id='word_1_359' title='bbox 64 4228 86 4291; x_wconf 90' lang='lat'>4</span> <span class='ocrx_word' id='word_1_360' title='bbox 105 4239 135 4291; x_wconf 90' lang='lat' dir='ltr'><strong>et</strong></span> <span class='ocrx_word' id='word_1_361' title='bbox 158 4225 273 4312; x_wconf 84' lang='grc'><strong>511111.)</strong></span> <span class='ocrx_word' id='word_1_362' title='bbox 297 4233 528 4310; x_wconf 87' lang='lat' dir='ltr'><strong>pervenerimus.</strong></span> <span class='ocrx_word' id='word_1_363' title='bbox 574 4230 634 4291; x_wconf 90' lang='lat' dir='ltr'><strong>lam</strong></span> <span class='ocrx_word' id='word_1_364' title='bbox 657 4232 763 4310; x_wconf 93' lang='lat' dir='ltr'><strong>pedem</strong></span> <span class='ocrx_word' id='word_1_365' title='bbox 787 4233 981 4310; x_wconf 79' lang='lat' dir='ltr'><strong>proteramus.</strong></span> 
     </span>
    </p>

    <p class='ocr_par' dir='ltr' id='par_1_15' title="bbox 154 4326 1255 4411">
     <span class='ocr_line' id='line_1_42' title="bbox 154 4326 1255 4411; baseline -0.006 -23"><span class='ocrx_word' id='word_1_366' title='bbox 154 4327 187 4388; x_wconf 93' lang='lat' dir='ltr'><strong>ln</strong></span> <span class='ocrx_word' id='word_1_367' title='bbox 211 4330 307 4408; x_wconf 91' lang='lat' dir='ltr'><strong>capite</strong></span> <span class='ocrx_word' id='word_1_368' title='bbox 334 4326 373 4391; x_wconf 87' lang='lat'><strong>16</strong></span> <span class='ocrx_word' id='word_1_369' title='bbox 392 4329 468 4390; x_wconf 89' lang='lat' dir='ltr'><strong>Plut.</strong></span> <span class='ocrx_word' id='word_1_370' title='bbox 492 4347 599 4390; x_wconf 93' lang='lat' dir='ltr'><strong>novum</strong></span> <span class='ocrx_word' id='word_1_371' title='bbox 623 4338 817 4411; x_wconf 87' lang='lat' dir='ltr'><strong>praeceptum</strong></span> <span class='ocrx_word' id='word_1_372' title='bbox 839 4329 1014 4410; x_wconf 78' lang='lat' dir='ltr'><strong>adumbrot,</strong></span> <span class='ocrx_word' id='word_1_373' title='bbox 1031 4349 1107 4388; x_wconf 75' lang='lat' dir='ltr'><strong>curo</strong></span> <span class='ocrx_word' id='word_1_374' title='bbox 1120 4330 1255 4384; x_wconf 51' lang='lat' dir='ltr'><strong>sucosam</strong></span> 
     </span>
    </p>
   </div>
   <div class='ocr_carea' id='block_1_5' title="bbox 0 0 1387 4656">
    <p class='ocr_par' dir='ltr' id='par_1_16' title="bbox 0 0 1387 4656">
     <span class='ocr_line' id='line_1_43' title="bbox 0 0 1387 4656; baseline 0 0"><span class='ocrx_word' id='word_1_375' title='bbox 0 0 1387 4656; x_wconf 95' lang='lat' dir='ltr'><strong> </strong></span> 
     </span>
    </p>
   </div>
  </div>
 </body>
</html>
