2754 4656
570 219 790 283 „62-

93 402 124 459 in
153 400 255 460 eodem
280 401 389 480 capite,
418 399 565 479 quomodo
589 417 638 460 res
662 407 778 460 exteras
802 399 924 459 acerbas
948 401 1091 478 pristinae
1115 398 1266 459 felicitatis

95 499 236 557 memoria
261 497 400 574 obtegere
419 498 576 576 possimus
600 496 630 556 id
651 497 729 576 quod
749 499 897 576 excipitur
916 499 1011 574 capite
1030 493 1072 558 15
1091 496 1144 557 ubi
1162 504 1267 557 auctor

97 594 266 656 hominibus
290 594 459 655 infelicibus
483 595 588 655 suadet
610 594 687 655 bona
710 594 765 655 sibi
790 594 894 655 relicta
918 594 1003 655 malis
1026 594 1136 674 quibus
1159 613 1268 674 urgen-

96 702 146 753 tur
169 693 341 754 admiscere.

179 790 359 868 Ceteroqnln
382 789 492 850 Heinze
520 808 580 850 non
610 799 692 851 recte
722 792 891 868 suspicatur
918 790 988 851 huic
1011 790 1110 851 libello
1136 799 1165 850 et
1189 808 1268 850 com-

91 890 282 948 mentationis
300 882 354 947 ‘lle
377 887 455 947 lside
479 897 510 948 et
527 882 658 948 Osiride'
681 890 772 967 capiti
789 884 833 949 45
857 888 985 949 eundem
1010 888 1178 950 subiectum
1200 905 1267 948 esse

91 989 350 1067 commentarium,
378 988 447 1065 quia
476 988 505 1045 in
535 994 663 1064 utroque
687 985 763 1045 libro
788 984 930 1046 Heracliti
953 986 1149 1065 fragmentum
1174 985 1268 1066 quod-

92 1085 158 1145 dam
191 1077 234 1167 (p.
259 1081 301 1143 22
317 1076 466 1164 Bywater)
504 1102 572 1143 cum
606 1082 757 1163 Euripidis
790 1083 939 1144 nonnullis
973 1083 1109 1144 versibus
1142 1077 1269 1166 (Aeolus

91 1182 126 1242 fr.
143 1175 245 1266 mu.)
269 1183 474 1261 coniungitur3
498 1199 565 1240 nam
589 1199 658 1240 cnm
682 1181 930 1260 pervulgatissimi
953 1183 1004 1241 isti
1023 1200 1127 1242 versus
1148 1188 1234 1242 erant
1243 1174 1268 1263 1)

91 1288 156 1340 tum
179 1281 209 1339 in
234 1276 288 1340 ‘De
307 1279 344 1340 ls.
363 1287 393 1339 et
412 1273 473 1339 Os'
498 1297 521 1339 c.
540 1274 584 1339 45
607 1278 682 1338 Plut.
711 1278 823 1358 aliquid
851 1278 937 1358 plane
966 1279 1045 1339 alind
1069 1279 1266 1358 comprobare

92 1377 193 1438 studet
215 1384 305 1457 atque
329 1379 360 1436 in
384 1378 480 1455 capite
504 1377 541 1436 de
565 1394 624 1455 quo
648 1394 703 1436 nos
727 1378 854 1456 agimus3
877 1375 927 1437 illo
951 1378 1030 1437 enim
1054 1377 1119 1438 loco
1139 1376 1268 1456 explica-

90 1482 141 1534 tur
169 1474 227 1534 duo
256 1492 322 1534 esse
350 1474 455 1534 mundi
482 1475 641 1553 principia,
676 1482 706 1533 et
733 1473 844 1533 bonum
873 1482 903 1534 et
930 1474 1054 1555 malum3
1081 1474 1138 1535 hoc
1166 1484 1267 1535 autem

90 1572 156 1632 loco
180 1571 402 1632 demonstratur
424 1573 456 1631 in
480 1573 626 1650 cuiusque
650 1568 779 1631 hominis
803 1573 862 1631 vita
885 1571 977 1632 bonas
1001 1580 1031 1632 et
1054 1572 1145 1632 malas
1169 1581 1268 1632 sortes

91 1687 210 1748 semper
233 1670 406 1729 commixtas
430 1687 504 1730 esse.
547 1668 626 1738 Quas
650 1667 686 1728 ad
710 1670 874 1728 sententias
895 1668 1114 1747 amplificandas
1132 1667 1211 1728 Plut.
1231 1687 1266 1728 ex

90 1766 234 1827 uberibus
257 1769 479 1827 commentariis
502 1768 574 1846 suis,
598 1769 642 1826 uti
665 1766 749 1846 solet,
772 1775 906 1826 veterum
930 1765 1175 1844 philosophorum
1196 1783 1263 1843 poe·

91 1873 248 1944 torumque
273 1865 424 1925 enuntiata
449 1863 595 1942 adhibuit,
621 1866 665 1923 nti
688 1882 759 1924 casn
783 1872 896 1924 tantum
921 1866 1101 1942 inutraque
1126 1864 1267 1924 disserta-

92 1963 172 2022 tione
196 1965 227 2022 in
252 1962 372 2023 eosdem
396 1971 534 2023 auctores
557 1961 704 2022 inciderit.

179 2058 240 2120 lam
264 2061 433 2120 accuratius
457 2077 644 2139 qtraeramus,
668 2059 815 2138 quomodo
840 2078 864 2121 c.
886 2056 927 2120 14
951 2069 981 2120 et
1005 2079 1079 2139 quae
1098 2070 1268 2139 sequuntur

92 2176 160 2218 cum
184 2157 335 2235 prioribus
359 2157 546 2217 cohaereant.

180 2253 213 2314 ln
241 2257 338 2333 capite
364 2251 405 2315 14
428 2254 504 2315 Plut.
529 2255 664 2316 homines
692 2255 807 2316 beatam
836 2257 924 2315 vitam
948 2263 1122 2335 appetentes
1146 2274 1268 2334 semper

90 2371 191 2413 rerum
220 2354 449 2430 praeteritarum
477 2356 650 2413 memoriam
678 2362 781 2414 tenere
805 2351 905 2433 iubet,
936 2354 1014 2433 quod
1044 2355 1070 2414 si
1098 2354 1207 2414 faciant
1234 2356 1266 2413 in

93 2459 270 2530 perpetuum
295 2451 338 2510 eis
362 2450 421 2511 frui
444 2453 568 2530 possint.

180 2546 213 2607 ln
244 2549 341 2626 capite
372 2544 413 2609 15
441 2551 584 2610 transitus
613 2549 660 2609 illa
689 2549 815 2609 formula
843 2567 918 2628 quae
946 2552 1004 2610 iam
1032 2552 1151 2629 saepius
1179 2549 1268 2610 nohis

92 2647 222 2706 innotuit
250 2647 361 2724 pergit:
390 2641 456 2707 ‘uel
483 2640 572 2707 τοῦτ’
598 2637 660 2707 οὖν
682 2644 744 2728 τὴν
767 2641 934 2726 εὐθυμίαν
958 2643 1181 2727 ἐπιταράσσει·
1209 2646 1267 2708 κά-

91 2751 182 2805 κεῖνο
216 2738 360 2823 μᾶλλον’
388 2751 444 2804 etc.
477 2744 728 2824 reprehenditque
761 2763 812 2805 eos
845 2747 896 2823 qui
928 2747 1115 2806 miseriarum
1150 2754 1267 2806 tanturn

92 2860 210 2920 semper
233 2843 468 2902 reminiscuntur
491 2860 547 2902 nee
571 2843 645 2903 mala
669 2862 737 2903 cum
760 2842 847 2902 bonis
868 2845 908 2902 ita
928 2845 1121 2922 coniungunt,
1146 2851 1179 2903 ut
1198 2839 1267 2922 ‘ep-

92 2933 197 3019 pala'g’
230 2940 281 2998 fiat
314 2933 362 2999 ‘ab
394 2944 455 3000 τοῦ
487 2939 565 3019 βίου
596 2948 700 3022 μῖγμα
732 2934 787 3001 καὶ
820 2937 944 3001 οἰκεῖον
971 2936 1096 3012 αὐτοῖς’
1125 2934 1207 3021 (474
1217 2938 1266 3022 B),

92 3039 231 3116 quoniam
260 3054 346 3096 omne
375 3036 485 3097 bonum
516 3056 634 3117 semper
657 3057 725 3099 cum
750 3039 824 3098 malo
849 3039 976 3117 quodam
1000 3041 1193 3099 commixtum
1218 3041 1266 3100 sit.

91 3133 179 3194 Vides
207 3136 298 3213 igitur
326 3136 431 3213 capitis
459 3132 500 3196 14
528 3146 734 3215 argumentum
763 3138 858 3215 capite
885 3133 925 3197 15
953 3136 1028 3197 bene
1058 3138 1167 3216 excipi3
1196 3156 1266 3197 nam

90 3232 132 3293 ibi
160 3232 295 3292 homiues
324 3232 520 3293 admonentur
546 3252 583 3295 ne
608 3234 678 3295 boni
700 3235 855 3314 praeteriti
879 3253 1017 3314 umquam
1042 3233 1266 3316 obliviscantur,

91 3330 139 3389 hic
168 3338 271 3390 auctor
295 3348 347 3389 eos
370 3340 448 3391 vetat
471 3331 546 3391 mala
570 3340 684 3393 tantum
709 3332 819 3411 quibus
842 3332 920 3393 forte
944 3340 1087 3392 vexantur
1110 3335 1140 3392 in
1165 3334 1265 3392 animo

91 3437 120 3488 et
145 3430 285 3487 memoria
309 3429 447 3488 retinere.

180 3525 259 3603 Ergo
288 3524 505 3586 Chaeronensis
538 3527 639 3588 eadem
672 3528 759 3607 plane
792 3530 906 3609 profert
933 3536 1021 3607 atque
1049 3530 1080 3588 in
1109 3530 1215 3607 capitis
1243 3527 1264 3590 6

91 3624 149 3683 line
173 3631 204 3682 et
226 3625 256 3682 in
281 3625 376 3701 capite
396 3621 428 3704 8,
451 3643 509 3703 quo
529 3627 617 3685 etiam
637 3629 754 3705 egregie
774 3625 898 3706 quadrat
917 3627 1078 3686 similitudo
1098 3626 1134 3685 de
1154 3627 1264 3687 tabulis

91 3723 179 3800 pictis
209 3729 349 3798 usurpata
379 3715 506 3802 (473F)
535 3741 611 3802 quae
639 3727 747 3785 mirum
776 3734 919 3804 quantum
947 3726 1077 3784 concinit
1100 3744 1168 3785 cum
1193 3725 1263 3785 dua-

91 3818 148 3879 bus
171 3818 236 3878 aliis
260 3818 504 3879 similitudinibus
526 3818 624 3882 acto
648 3830 678 3882 et
700 3819 809 3883 4694.

179 3915 213 3975 ln
241 3911 307 3975 c.5
335 3926 365 3975 et
392 3919 422 3975 in
452 3935 476 3978 c.
499 3915 539 3978 14
561 3919 638 3979 Plut.
667 3920 791 3980 stultum
820 3922 947 3998 sapienti
974 3922 1110 4000 opponit;
1141 3919 1205 3982 c.8
1234 3930 1264 3981 et

92 4034 116 4075 c.
143 4010 183 4075 15
216 4012 374 4092 plerosque
402 4013 537 4076 homines
565 4034 721 4096 perperam
750 4017 851 4078 oculos
879 4017 914 4077 ab
942 4018 1081 4077 iucundis
1109 4019 1199 4079 rebus
1228 4019 1263 4078 ad

182 4243 207 4306 1)
235 4235 355 4292 Eosdem
379 4256 474 4294 versus
498 4240 664 4311 Euripidem
686 4242 774 4296 habes
801 4242 854 4296 ‘De
876 4245 954 4311 poet.
978 4241 1053 4296 aud’
1080 4258 1140 4312 cap.
1161 4248 1185 4298 7.
1227 4243 1261 4297 cf.

32 4370 34 4375 .
90 4321 239 4388 praeterea
259 4319 334 4374 Stob.
355 4319 449 4377 Floril.
464 4325 507 4390 43,
523 4326 565 4376 20.
601 4321 782 4393 Theophrast.
802 4322 960 4392 Metaphys.
979 4341 1007 4392 p.
1023 4328 1083 4377 316.
1193 4337 1196 4343 ·
