2754 4656
536 257 777 320 —125-

65 427 172 497 οὐδὲν
195 431 334 502 ἐλλείπει
359 429 427 498 οὔτ’
448 432 702 518 ἀναισχυντίας.’
727 471 768 480 —-
793 437 852 497 iam
877 439 1168 501 animadvertendum
1194 450 1239 501 est

65 533 141 594 haec
165 534 255 594 verbe
274 533 423 594 Platonica
447 538 477 594 in
501 545 627 613 utroque
651 534 749 594 libelle
770 536 945 596 Plutarcheu
969 541 1033 614 peri
1054 539 1140 598 modo
1160 557 1237 598 eom·

65 640 181 691 mutata
205 640 235 691 et
258 634 367 691 variata
391 650 470 712 esse3
494 633 530 691 ci.
555 635 643 712 enim,
667 650 787 714 quaeso,
809 633 862 693 hos
887 634 962 694 duos
986 634 1066 695 locos
1089 638 1168 695 inter
1191 655 1238 697 se:

206 810 251 869 De
275 811 353 869 vini.
378 820 411 869 et
435 812 492 870 vii.
800 811 846 871 De
870 813 957 890 proi.
982 813 1016 872 in
1041 815 1118 874 viri.

66 930 205 1014 “μητρί
243 953 281 994 τε
322 930 394 1012 γάρ
437 928 629 1014 ἐπιχειρεῖ
680 930 816 1015 (μητρί
853 955 892 996 τε
933 933 1004 1016 χάρ
1047 931 1241 1018 ἐπιχειρεῖ

112 1026 359 1110 μίχνυσδαύ,
397 1028 441 1102 ὥς
473 1044 576 1110 φησιν
608 1028 625 1093 ὁ
725 1029 961 1111 μίγνυσθαι’
984 1027 1038 1093 καὶ
1061 1032 1142 1116 πρὸς

113 1124 271 1208 Πλάτων,
295 1122 349 1188 καὶ
680 1128 847 1210 βρώσεις
888 1126 975 1211 ὁρμᾷ
1015 1128 1236 1209 παντοδαπάς,

65 1222 234 1304 βρώσεις
258 1219 426 1304 ἀθέσμους
444 1221 625 1306 προσφέρε-
679 1232 934 1306 παρανομοῦν
975 1222 1029 1288 καὶ
1066 1226 1237 1309 χρώμενον

112 1343 166 1382 ται
203 1317 257 1383 καὶ
289 1316 437 1401 πράξεως
469 1319 625 1403 οὐδεμιᾶς
724 1319 844 1384 ἑαυτοῦ
853 1331 923 1396 ταῖς
935 1320 1135 1405 ἐπιθυμίαις,
1151 1315 1237 1387 οἷον

112 1415 280 1500 ἀπέχεται,
317 1415 531 1481 ἀπολαύουσα
565 1427 625 1482 τοῦ
723 1415 956 1500 λελυμέναις
979 1417 1030 1505 (cf.
1054 1423 1145 1502 Puto,
1169 1424 1186 1484 l.
1206 1423 1236 1484 i:

110 1511 375 1597 παρανομεῖν.’
724 1514 785 1589 εὡς
808 1515 1069 1600 λελυμένον’),
1096 1515 1134 1592 ἀς
1157 1513 1232 1601 μεθ’

722 1610 848 1694 ἡμέραν
868 1612 885 1677 ὁ
906 1615 1007 1696 νόμος
1025 1615 1166 1699 αἰσχύνη
1182 1613 1235 1679 καὶ

723 1712 819 1794 φόβῳ
843 1712 1103 1792 καθείργνυσιν]

64 1837 108 1897 cf.
134 1839 222 1896 etiam
246 1831 299 1895 ‘De
320 1837 394 1915 proi.
413 1840 443 1896 in
463 1832 540 1896 vire'
565 1855 593 1914 p.
613 1833 779 1897 83Bn1eu.

155 1995 287 2074 Utroque
311 1996 376 2056 loce
396 2015 449 2055 vox
471 1991 699 2076 ‘nunavoueiv'
720 2006 890 2074 usurpatur,
914 2016 988 2076 quae
1009 2016 1067 2058 non
1087 2002 1236 2061 invenitur

63 2093 143 2172 apud
167 2092 327 2153 Platonem.
374 2094 495 2153 Accedit
524 2095 601 2172 quod
626 2097 656 2154 in
682 2102 808 2173 utroque
833 2095 908 2155 liin-0
933 2098 987 2155 iria
1012 2098 1142 2156 membre
1168 2116 1236 2158 eon·

64 2194 247 2268 iunguntur:
280 2185 388 2270 ’μητρὶ
416 2188 621 2272 μίγνυσδαί,
654 2188 805 2269 βρώσεις
831 2181 1056 2266 παντοδαπάς’
1088 2204 1236 2276 appetere,

62 2283 305 2369 ‘neeavoneiv'.
348 2287 428 2358 Quae
453 2291 623 2349 coniunctio
647 2288 723 2367 apud
744 2289 894 2350 Platonem
919 2290 1011 2371 deest,
1035 2310 1070 2350 ex
1095 2311 1153 2370 quo
1177 2294 1235 2352 sin-

61 2387 131 2465 guia
160 2386 222 2445 iere
251 2390 348 2446 omnia
377 2389 468 2465 petita
492 2405 558 2446 esse
583 2387 666 2446 inciie
691 2386 822 2465 intellegi
845 2396 951 2465 potest.
998 2388 1047 2448 Sic
1070 2389 1148 2466 apud
1172 2388 1236 2449 Ple·

62 2495 163 2544 ionem
189 2494 218 2543 et
242 2485 318 2562 apud
344 2485 533 2544 Plutarchum
557 2495 676 2563 praeiet·
699 2502 732 2544 ea
757 2503 832 2563 quae
855 2487 912 2544 iem
937 2489 1163 2546 commemoravi
1187 2506 1236 2546 ex·

62 2592 143 2641 siant
164 2601 249 2641 voees
270 2578 458 2660 “βρώσεις’
478 2576 589 2665 (Platoz
609 2575 860 2665 βρώματος’),
876 2576 1093 2663 “ἀπέχεται’,
1113 2579 1235 2645 “λελυ-

61 2672 208 2759 μένον’.
246 2681 283 2737 Ae
306 2682 369 2757 ipse
388 2680 539 2740 Plutarchi
564 2683 709 2739 sententia
735 2699 791 2757 qna
813 2681 956 2740 doeemur
974 2699 1081 2757 pravus
1100 2682 1235 2741 hemines

62 2794 118 2854 per
141 2777 220 2835 diem
244 2776 362 2854 quidem
387 2779 492 2837 timore
517 2788 546 2837 et
569 2777 683 2856 pudore
707 2776 859 2856 prohiberi
882 2795 919 2836 ne
944 2777 1015 2855 quid
1039 2778 1106 2837 maii
1126 2779 1235 2839 iaciant

61 2891 78 2932 a
104 2872 223 2932 Platone
253 2892 311 2934 non
340 2884 399 2933 tam
427 2877 519 2935 certis
548 2875 645 2934 verbis
673 2884 762 2953 nique
787 2869 840 2933 ‘De
859 2875 934 2952 prof.
954 2876 984 2933 in
1005 2870 1082 2936 virt?
1106 2875 1123 2935 i.
1141 2876 1160 2936 i.
1185 2895 1233 2936 ex·

61 2972 216 3052 primitur3
249 2980 352 3031 conire
384 2973 471 3031 nobis
504 2975 637 3033 occurrii
669 2975 756 3031 etiam
786 2968 842 3031 ‘De
863 2974 927 3032 vin.
947 2981 977 3031 ei
997 2968 1057 3034 vii'
1081 2972 1099 3033 l.
1119 2973 1150 3054 i,
1183 2974 1233 3034 ubi

61 3069 202 3147 legimus:
231 3063 332 3148 ‘nee'
354 3065 502 3150 ἡμέραν
525 3063 581 3152 (=
607 3066 660 3129 ‘De
680 3071 755 3148 prof.
775 3071 805 3129 in
825 3063 903 3130 virt?
933 3065 1032 3148 ‘unii’
1054 3064 1233 3153 ἡμέραν’)

62 3157 123 3246 μὲν
146 3163 208 3246 γάρ
233 3160 293 3239 ἔξω
317 3162 485 3245 βλέπουσα
503 3162 559 3228 καὶ
578 3161 943 3247 συσχηματιζομένη
965 3161 1016 3248 (ei.
1037 3163 1089 3226 ‘De
1109 3167 1183 3245 prus.
1202 3171 1232 3228 in

63 3260 141 3324 virt?
164 3282 191 3341 p.
212 3262 287 3325 830
316 3260 639 3345 “συσχηματίζειν
666 3262 706 3324 τά
729 3256 972 3346 φαντάσματά)
996 3261 1079 3342 πρὸς
1102 3258 1233 3342 ἑτέρους

62 3355 81 3438 ἡ
107 3360 203 3420 κακία
228 3358 428 3422 δυσωπεῖται
451 3355 506 3422 καὶ
529 3359 775 3442 παρακαλύπτει
795 3360 835 3423 τά
853 3359 957 3441 πάθη,
982 3358 1089 3423 ...έν
1110 3354 1147 3423 δὲ
1164 3370 1234 3434 τοίς

61 3453 179 3529 ὕπνοις
206 3453 426 3538 ἀποφυγοῦσα
455 3456 553 3533 δόξας
580 3453 635 3519 καὶ
662 3458 809 3538 νόμους
837 3454 905 3541 (Ἱλο
931 3460 1004 3538 prof.
1030 3463 1057 3518 in
1084 3456 1174 3520 vivif:
1202 3456 1232 3521 (ὁ
1283 3533 1286 3541 ¹

60 3550 215 3634 νόμος’)
244 3550 298 3615 καὶ
321 3553 521 3633 πορρωτάτω
545 3551 706 3635 γενομένη
731 3561 800 3618 τοῦ
824 3552 1001 3617 δεδιέναι
1024 3552 1088 3617 καὶ
1111 3555 1233 3618 αίδεί-

60 3654 155 3713 σθαι
180 3645 393 3733 (‘Dep1·0i.in
415 3649 504 3714 virt.':
529 3649 712 3734 εαἰσχύνη
735 3647 790 3714 καὶ
814 3648 936 3737 φόβηί)
961 3659 1070 3715 πᾶσαν
1096 3650 1232 3715 ἐπιθυ-

59 3749 152 3827 μίαν
181 3743 249 3831 (Ἱδε
273 3751 348 3827 proi.
373 3753 401 3810 in
429 3745 519 3811 virt.':
552 3745 831 3832 ‘ineivuiaeg')
863 3747 982 3811 κινεί’
1011 3744 1079 3833 (Ue
1103 3754 1178 3830 prof.
1203 3755 1233 3812 in

60 3841 139 3907 vii·t.'
163 3865 190 3924 p.
211 3844 300 3907 830:
325 3843 384 3907 ‘tei
407 3840 639 3929 κινὴματα’).

149 3944 280 4003 Eandem
306 3944 409 4005 malam
434 3946 639 4005 condicionem
664 3964 720 4024 qua
745 3946 832 4005 hoino
857 3945 1001 4005 nefandus
1025 3949 1056 4005 in
1078 3949 1232 4008 insomniis

60 4049 184 4102 vexetur
207 4040 384 4101 Plutarchus
407 4037 465 4102 ‘De
485 4042 559 4122 proi.
579 4044 610 4101 iu
629 4037 707 4102 viri?
727 4061 752 4103 c.
768 4038 810 4103 12
826 4043 875 4101 iin.
899 4042 945 4101 ins
969 4042 1097 4103 delineat
1122 4046 1232 4107 verbis:

61 4127 123 4211 ‘059
146 4129 208 4199 οὗν
232 4133 337 4211 οὕτως
360 4134 512 4219 εὐόνειρα
535 4184 543 4199 .
563 4183 571 4198 .
595 4136 742 4219 φοβερὸν
766 4132 802 4200 δὲ
825 4132 930 4219 μηδὲν
953 4184 988 4200 ..
1011 4132 1094 4220 μηδὲ
1117 4140 1232 4203 κακό-

59 4239 154 4314 ηθες
177 4283 183 4295 .
205 4281 212 4295 .
235 4231 271 4296 ἐκ
298 4242 364 4295 τῶν
391 4230 508 4297 ύπνων
536 4231 776 4315 ἐπαναφέρεται
800 4242 959 4298 ..ταῦτα
984 4241 1042 4316 τῆς
1063 4245 1232 4319 προκοπῆς

59 4328 297 4411 ἀπαυγασμούς
318 4351 459 4406 τινας..
479 4329 644 4413 λέγουσιν,
669 4334 823 4415 οίστρους
843 4327 880 4394 δέ
899 4329 952 4395 καὶ
972 4333 1109 4405 πτοίας
1128 4381 1135 4395 .
1151 4384 1157 4394 .
1176 4331 1231 4396 καὶ
