2754 4656
570 175 791 238 ..6ss-

94 354 226 432 undique
254 357 391 433 cingatur
414 356 557 434 cogitare,
585 361 632 432 ut,
661 356 687 413 si
710 353 858 431 quondam
882 357 946 434 ipse
970 356 1014 414 eis
1038 361 1193 434 tangatur,
1221 372 1268 413 ne·
1305 404 1307 433 ,

96 470 242 530 quaquam
266 451 468 530 perturbetur.
507 447 587 533 (cpp.
607 450 627 512 9
648 460 677 511 et
699 447 763 531 16.)

183 549 294 610 Eodem
323 553 452 630 pertinet
480 552 585 629 capitis
612 547 650 610 17
680 551 773 628 prima
799 568 881 629 pam,
910 549 961 609 ubi
985 549 1060 609 Plut.
1086 568 1141 609 nos
1165 549 1270 609 edocet

94 667 152 708 non
174 648 259 707 modo
282 647 338 707 illis
358 646 645 708 considerationibus
665 647 700 705 de
721 646 830 726 quibus
850 650 921 708 satis
940 648 1123 726 disputatum
1144 655 1201 726 est,
1221 646 1269 706 sed

94 747 182 805 etiam
211 764 246 804 eo
275 748 437 824 sapientem
471 747 605 805 lortunae
637 746 760 804 iniurias
789 745 873 804 laeile
903 764 1044 823 superare
1072 763 1161 824 posse
1192 739 1268 823 quod

94 843 208 920 legibus
238 842 345 921 quibus
374 845 469 902 omnia
499 862 553 921 per
581 850 677 902 totum
706 842 849 901 mnndum
873 841 1078 918 gubernentur
1101 844 1269 920 perspectis

93 940 271 1000 intellexerit
299 940 372 1000 nibil
400 959 470 1022 casu
499 948 528 999 et
555 940 691 1018 lortuito,
725 940 775 999 sed
805 941 901 999 omnia
930 942 1020 999 certis
1049 939 1165 1016 legibus
1197 941 1270 1000 steri.

182 1037 343 1116 Hucusque
368 1041 581 1098 sententiarum
606 1056 782 1116 progressus
805 1036 881 1096 bene
906 1038 1049 1098 enodatus
1073 1037 1193 1097 videtur
1216 1056 1270 1098 nec

93 1135 214 1195 lleinzio
252 1135 415 1214 adstipulor
452 1138 571 1213 neganti
609 1157 633 1196 c.
661 1134 700 1196 17
739 1154 806 1194 com
841 1135 988 1213 capitibus
1023 1132 1153 1196 14-16
1188 1142 1269 1196 arcte

93 1233 266 1311 cohaerere,
295 1252 362 1292 cum
391 1234 483 1293 dicat:
512 1228 659 1311 ‘Dagegen
689 1233 805 1293 scheint
834 1251 866 1292 es
895 1235 963 1311 mir,
992 1233 1035 1292 als
1063 1233 1191 1293 kebrten
1218 1236 1270 1293 uir

93 1334 147 1391 mit
170 1350 195 1390 c.
217 1329 256 1391 17
281 1350 317 1390 zu
341 1330 408 1390 dem
428 1330 508 1390 Tone
532 1332 586 1390 der
604 1330 864 1409 Eingangsliapitel
885 1331 1007 1411 zurici,
1030 1333 1084 1390 mit
1103 1331 1171 1390 dem
1193 1332 1267 1391 aucb

93 1432 122 1488 in
156 1448 180 1488 e.
206 1425 246 1489 16
279 1428 417 1487 mancbes
446 1447 482 1487 zu
510 1431 648 1487 stimmen
677 1423 811 1487 selreint.’
864 1427 925 1487 Hoc
954 1435 988 1487 ut
1016 1427 1193 1506 comprobet
1222 1428 1269 1488 bic

92 1526 179 1586 bomo
209 1526 314 1585 doctus
338 1545 372 1584 eo
396 1528 515 1605 nititur,
544 1526 621 1603 quod
647 1521 689 1584 ‘in
714 1545 738 1585 o.
760 1523 799 1586 17
825 1525 935 1584 wieder
959 1525 1005 1584 die
1029 1525 1270 1603 Maebtlosigkeit

93 1624 146 1683 der
177 1620 266 1703 Τύχη
300 1623 473 1702 vorgelirbrt
507 1619 603 1702 u'ird’,
636 1623 666 1681 id
700 1623 777 1701 quod
807 1625 836 1681 in
866 1622 1013 1702 capitibus
1044 1619 1175 1683 14-16
1205 1625 1271 1683 fieri

93 1728 257 1799 negaverat.
309 1721 345 1780 nt
376 1720 431 1780 boc
460 1729 667 1800 argumentum
696 1720 856 1799 reprobare
885 1720 1079 1799 supersedeo,
1112 1740 1181 1781 eum
1213 1723 1269 1781 iam

92 1838 181 1898 supra
205 1819 234 1878 id
259 1820 398 1878 reiecisse
422 1819 495 1878 mibi
519 1819 618 1878 videar
642 1827 672 1878 et
696 1838 730 1878 ex
756 1822 798 1878 eis
822 1838 896 1896 quae
917 1821 1041 1896 exposui
1060 1821 1132 1878 satis
1153 1818 1269 1879 eluceat

93 1937 118 1980 o.
141 1914 179 1978 17
204 1936 219 1976 a
244 1916 391 1995 capitibus
417 1915 546 1978 14-16
571 1916 652 1976 nullo
675 1918 762 1977 modo
787 1920 902 1976 secerni
926 1935 1022 1995 posse.

182 2015 218 2073 m
247 2017 304 2074 iam
332 2014 404 2073 aliae
429 2017 561 2074 existunt
584 2015 772 2075 difficultates
796 2017 999 2094 gravissimam
1028 2032 1094 2074 nam
1118 2017 1149 2074 in
1174 2016 1267 2076 altera

93 2114 197 2192 capitis
220 2110 257 2172 17
274 2120 371 2195 parte,
392 2114 510 2171 virtutis
529 2114 557 2170 vi
576 2112 753 2192 praedicata,
773 2111 988 2171 Chaeronensis
1007 2111 1106 2171 subito
1126 2112 1276 2192 postulat.

93 2221 125 2270 nt
155 2212 272 2288 sapiens
301 2205 484 2290 ‘dyspncer'p
509 2203 563 2269 καὶ
587 2207 696 2290 διαίτῃ
720 2207 869 2290 σώφρονι
893 2204 947 2270 καὶ
971 2207 1114 2289 μετρίοις
1137 2206 1266 2282 πόνοις’

93 2309 241 2367 fortunam
269 2314 358 2385 atque
386 2325 473 2366 casus
501 2315 621 2366 avertat.
668 2307 749 2377 Quae
777 2309 1017 2366 ratiocinationes
1045 2310 1084 2366 ita
1114 2308 1200 2367 modo
1231 2308 1265 2368 ad

91 2408 190 2484 priora
214 2405 331 2464 adnecti
354 2413 487 2483 possunt,
511 2414 545 2464 ut
567 2407 697 2483 priorem
722 2407 827 2483 capitis
851 2413 965 2483 partem
989 2405 1023 2464 ad
1049 2423 1096 2464 res
1121 2412 1267 2465 exteras

92 2503 229 2562 adversas
254 2520 328 2579 quae
352 2504 475 2562 scientia
500 2511 529 2561 et
549 2505 657 2563 virtute
678 2502 830 2581 tolluntur,
854 2502 984 2576 alteram,
1004 2502 1156 2562 Plutarchi
1175 2504 1265 2563 verba

92 2595 172 2672 ‘wig
194 2619 228 2659 τε
252 2595 502 2679 σωματικοῑς’
527 2603 635 2681 secuti,
658 2601 694 2659 ad
719 2600 792 2660 mala
816 2619 852 2659 ex
875 2602 940 2678 ipso
964 2619 1088 2678 corpore
1113 2604 1265 2661 nascentia

92 2697 264 2756 referamus

179 2793 287 2853 Contra
312 2812 345 2853 ea
372 2813 446 2872 quae
470 2804 636 2874 sequuntur
656 2797 762 2854 mirum
782 2805 924 2873 quantum
945 2815 960 2854 a
980 2797 1112 2872 priorum
1133 2799 1264 2875 capitum

92 2891 189 2951 indole
213 2892 336 2971 distant3
359 2910 426 2952 nam
450 2894 507 2951 iam
532 2892 755 2953 commendatur
780 2895 864 2971 quasi
887 2892 1023 2952 ultimum
1048 2894 1214 2960 remedium
1237 2904 1267 2954 et

91 2990 239 3066 refugium
263 3007 343 3048 mors
368 2989 540 3068 voluntaria,
564 3008 741 3068 quamquam
765 2998 849 3049 antea
870 2990 945 3049 Plut.
966 3009 1053 3067 quam
1077 2993 1266 3069 apertissime

90 3093 248 3164 negaverat
280 3088 442 3166 sapientem
476 3087 535 3146 ullo
568 3087 655 3146 modo
688 3087 825 3148 humanis
853 3089 1024 3147 infortuniis
1053 3088 1098 3146 vel
1126 3091 1266 3167 pessimis

91 3186 172 3261 tangi
194 3202 290 3263 posse.

179 3281 237 3340 lsta
257 3289 423 3341 commenta
443 3284 654 3343 continuantur
674 3285 769 3361 capite
788 3281 836 3358 18,
856 3282 908 3342 ubi
928 3285 1034 3342 iterum
1053 3283 1139 3362 plane
1154 3303 1265 3345 novum

91 3380 243 3439 inducitur
275 3379 353 3456 quod
388 3375 556 3459 εὐθυμίαν
584 3390 689 3458 augeat
717 3381 819 3439 eadem
848 3382 991 3440 transitus
1020 3380 1145 3439 formula
1175 3400 1265 3459 quam

91 3479 148 3536 iam
177 3478 294 3554 saepius
323 3476 573 3555 deprehendimus
601 3473 654 3537 ‘od
682 3475 800 3557 μικρὸν
829 3476 894 3556 ἔχει
920 3483 976 3556 τῆς
999 3475 1081 3558 πρὸς
1103 3476 1163 3537 τὸν
1187 3478 1265 3556 βίον

91 3570 255 3652 εὐθυμίας
282 3568 420 3652 ἐφόδιον
448 3571 509 3652 τὴν
537 3572 618 3654 πρὸς
645 3572 703 3634 τὸν
731 3571 882 3635 θάνατον
909 3569 1076 3654 ἀφοβίαν’.
1104 3609 1139 3615 -
1169 3575 1264 3645 Quam

91 3672 144 3730 ad
165 3673 342 3730 sententiam
380 3671 583 3731 stabiliendam
617 3681 720 3731 noster
752 3680 878 3731 mortem
913 3672 1106 3732 voluntariam
1139 3677 1264 3733 summis

91 3767 227 3828 laudibus
252 3768 349 3847 eilert,
374 3771 506 3846 quamvis
530 3768 602 3829 baec
626 3770 805 3847 praedicatio
830 3772 921 3830 totius
945 3771 1263 3831 commentatiunculae

91 3865 182 3926 indoli
215 3864 299 3924 obvia
333 3866 379 3924 sit.
430 3867 551 3926 Accedit
584 3867 662 3945 quod
696 3867 857 3927 similitudo
888 3886 903 3926 a
932 3862 1142 3947 ‘uvdapoclcp'
1170 3871 1263 3946 petita

90 3962 272 4040 Asclepiadis
300 3970 404 4039 poetae
432 3964 567 4024 versibus
596 3967 702 4024 nititur
731 3983 805 4043 quos
835 3967 897 4042 ipse
925 3963 1001 4023 Plut.
1030 3982 1045 4022 e
1074 3963 1262 4025 collectaneis

91 4063 153 4120 suis
177 4061 316 4138 petivisse
342 4060 466 4139 videtur,
491 4064 535 4120 uti
557 4062 629 4121 baec
653 4070 713 4121 tota
738 4064 843 4139 capitis
864 4059 903 4121 17
929 4061 1018 4121 altera
1040 4080 1108 4139 pars
1128 4062 1164 4120 ab
1184 4082 1262 4122 com-

90 4159 235 4216 mentario
259 4173 346 4233 quem
366 4156 581 4218 Chaeronensis
605 4161 634 4218 in
659 4162 832 4219 universum
856 4158 953 4218 libello
978 4178 1031 4219 suo
1051 4158 1178 4219 subiecit
1197 4164 1260 4220 sine

89 4253 179 4314 dubio
203 4252 395 4316 abiudieanda
420 4257 466 4314 sit.
