2754 4656
529 302 566 310 -
620 265 682 329 109
731 304 768 312 --

61 439 178 523 κάσχει
202 440 281 523 γάρ,
311 434 336 527 ᾧ
360 440 487 525 κρίνεί.
534 445 576 504 dd
602 445 689 505 verba
716 443 766 507 ‘cd
789 440 849 526 μὲν
873 443 909 508 ἐν
932 442 1029 527 σαρκὶ
1052 444 1234 527 νοσήματα

62 541 99 602 ol.
119 538 172 601 ‘lle
193 541 341 621 tranquill.
362 539 418 602 an.'
442 541 481 603 17
497 545 570 623 init,
595 540 647 603 ‘lle
667 540 765 604 exilio'
788 542 879 624 ltin,
903 547 955 623 qni
979 544 1036 604 loci
1059 564 1094 604 ex
1117 543 1234 604 Meuan-

61 639 114 698 dro
140 638 308 718 deprompti
331 649 415 722 sunt,
439 653 467 700 et
492 637 545 699 ‘De
565 643 630 702 virt.
650 649 680 701 et
699 638 759 704 vit’
780 640 878 703 3init.

151 736 348 798 Continuatur
368 740 456 798 animi
477 750 505 799 et
525 743 658 819 corporis
677 740 821 800 malorum
841 743 1021 819 comparatio
1041 743 1070 800 in
1091 742 1186 818 capite
1204 738 1233 819 3,

61 835 112 894 ubi
127 835 203 895 Plut.
224 837 310 896 docet
330 855 395 896 cnm
416 837 552 897 morbum
572 839 735 916 pessimum
755 856 819 897 esse
840 841 925 898 cuius
945 837 1057 898 nullum
1073 838 1234 899 habeamus

59 952 191 993 sensum.

151 1030 289 1091 Omnium
320 1033 462 1092 malorum
492 1035 697 1112 turpissimum
723 1034 750 1092 ei
774 1033 891 1092 videtur
915 1028 946 1110 ‘q
971 1030 1101 1113 ἀνοια,
1130 1024 1173 1093 δι’
1195 1024 1235 1112 ἧς

61 1125 242 1210 ἀνήκεστος
266 1125 285 1208 ἡ
309 1129 405 1190 κακία
429 1138 498 1202 τοῖς
521 1131 657 1203 πολλοῖς
676 1137 858 1191 συνοικεῖ
874 1125 927 1190 καὶ
947 1130 1165 1210 συγκαταβιοῖ
1180 1124 1234 1191 καὶ

59 1223 353 1306 συναποθνήσκεί.
402 1227 482 1287 ldem
512 1228 658 1287 simillima
687 1230 801 1287 ratione
829 1229 865 1287 de
895 1231 964 1288 vitio
989 1248 1106 1307 semper
1129 1232 1159 1289 in
1182 1229 1234 1288 ho-

61 1327 141 1384 mine
170 1323 321 1384 habitante
345 1329 503 1405 exponitur
526 1322 579 1385 ‘lle
599 1329 666 1385 virt.
686 1333 715 1385 et
735 1321 796 1385 vit'
817 1322 851 1406 2,
880 1325 931 1384 ubi
954 1328 1056 1386 vitium
1081 1327 1234 1386 lrominnm

61 1418 275 1494 ’σύνδειπνος
301 1417 356 1483 καὶ
384 1419 569 1502 σύγκοιτος
598 1423 708 1483 dicitur
734 1432 764 1482 ct
788 1425 851 1482 voci
874 1418 1051 1484 ‘devotaret'
1075 1424 1235 1502 respondet

60 1521 254 1598 participium
287 1515 572 1582 ‘dovotuor‘roor'.
603 1554 644 1562 —
677 1521 833 1580 Praeterea
867 1521 1155 1581 commemorandum
1190 1528 1235 1580 est

59 1616 254 1677 Plutarchum
284 1637 341 1678 non
372 1619 466 1679 solum
497 1613 639 1679 ‘dicotur'
666 1628 698 1679 ut
721 1621 928 1697 gravissimum
954 1618 1061 1678 malum
1087 1618 1234 1699 sugillare,

60 1715 112 1773 sed
142 1717 206 1793 pari
236 1715 322 1775 modo
350 1711 403 1776 ‘lle
422 1716 571 1794 tranquill.
592 1711 649 1775 an.'
674 1735 698 1776 c.
720 1713 760 1776 lt
791 1725 823 1776 nt
853 1736 966 1776 summa
995 1712 1157 1795 εὐθυμίας
1185 1717 1233 1776 ad-

61 1813 200 1872 minicula
225 1813 397 1890 praedicare
422 1810 612 1893 ‘participare
635 1808 689 1874 καὶ
713 1809 853 1892 λόγουςῆ

152 1911 214 1970 Sub
247 1913 353 1989 capitis
385 1912 443 1971 line
477 1911 568 1970 febris
597 1912 730 1990 exemplo
759 1912 970 1990 comprobatur
1004 1913 1123 1972 morbos
1151 1903 1231 1991 ‘par'

61 2004 344 2089 ἀναισθησίας’
372 2013 522 2088 graviores
551 2028 616 2070 esse
641 2029 727 2088 quam
752 2029 802 2070 eos
827 2012 877 2089 qni
902 2029 968 2070 cnm
993 2029 1082 2071 sensu
1108 2010 1234 2088 quodam

60 2109 214 2167 coniuncti
239 2102 338 2188 sint.¹)
378 2107 502 2185 Saepius
527 2116 629 2169 noster
653 2108 687 2167 ad
711 2108 823 2168 febrem
844 2108 947 2168 alludit
965 2110 995 2167 in
1016 2109 1153 2168 omnibus
1174 2109 1235 2168 iere

60 2204 108 2263 his
137 2207 271 2286 scriptis;
304 2224 328 2265 e.
348 2225 374 2284 g.
400 2201 452 2265 ‘tte
472 2205 622 2284 tranquill.
641 2201 698 2266 an.'
719 2205 830 2286 Sinit,
859 2202 912 2266 ‘tte
932 2209 998 2266 virt.
1017 2202 1121 2268 etrit'
1142 2205 1235 2287 dnn,

59 2299 117 2361 ‘An
139 2297 245 2362 virtus’
265 2301 363 2363 3init.

153 2399 184 2459 ln
209 2402 305 2479 capite
325 2399 344 2461 3
370 2403 538 2461 accuratius
557 2401 756 2460 demonstrari
775 2397 826 2460 ‘rol
844 2399 936 2479 κάθη
957 2397 1096 2480 ψυχικά’
1118 2404 1236 2462 maximi

61 2517 128 2557 esse
153 2498 280 2576 periculi
303 2501 360 2559 iarn
380 2499 521 2579 indicari3
545 2503 574 2558 in
595 2498 719 2575 singulis
740 2498 830 2558 Stoici
850 2502 1094 2577 perstringuntur
1113 2507 1236 2578 propter

62 2598 182 2656 nimiam
227 2600 368 2656 virtutum
409 2596 516 2655 molem
555 2615 642 2675 quam
681 2591 905 2678 excotoerint.2)
949 2631 989 2638 -
1032 2596 1121 2656 Paulo
1159 2598 1233 2656 inira

61 2687 282 2777 (butenen.)
307 2694 459 2772 Euripidis
480 2695 601 2755 Orestes
626 2689 666 2776 (r.
686 2689 766 2776 958)
791 2694 927 2755 landatur
951 2697 995 2756 uti
1015 2691 1067 2754 ‘De
1088 2694 1236 2774 tranquill.

61 2787 121 2852 an.'
141 2790 254 2872 linit,
279 2811 338 2870 quo
362 2793 426 2852 loco
450 2802 617 2871 sequuntur
641 2792 728 2852 verba
753 2789 865 2854 ’κακὸν
888 2785 949 2872 μὲν
973 2787 1237 2872 ἀναισθησίας

60 2886 190 2970 σώματι
218 2886 394 2970 φάρμακον
422 2885 554 2950 ἀπονία
582 2893 640 2949 iarn
668 2908 757 2968 supra
782 2890 894 2951 collata.
918 2891 1017 2950 -ln
1042 2891 1236 2969 sequentibus

60 2986 102 3049 τά
129 2984 222 3068 πάθη
249 2987 432 3048 deliniuntur
456 2998 489 3048 ut
513 2984 796 3069 (σφοδρότητες
820 2986 944 3068 ὁρμῶν·
973 2985 1026 3050 διὸ
1045 2986 1106 3067 τὴν
1125 2986 1236 3068 ψυχὴν

60 3082 200 3166 ἠρεμεῖν
224 3082 285 3146 οὐκ
309 3081 429 3146 ἐῶσιν’.
454 3120 496 3127 -
521 3086 663 3146 Similiter
687 3090 775 3146 nimia
801 3086 973 3164 cupiditatis
995 3089 1036 3146 vis
1056 3086 1237 3146 describitur

62 3180 117 3242 ‘De
138 3186 204 3244 virt.
224 3192 254 3242 et
274 3178 336 3244 vit'
356 3181 455 3262 bno,
484 3183 535 3242 ubi
563 3184 723 3244 edocemur
753 3187 853 3244 vitium
881 3203 967 3262 posse
992 3180 1109 3245 ‘ntuetr
1132 3183 1237 3263 μόνον

59 3274 118 3340 καὶ
147 3277 369 3358 διαγριαίνειν
394 3278 433 3339 rol
456 3273 612 3362 nddq'³);
641 3282 676 3342 cf.
703 3284 790 3341 ctiam
815 3277 868 3340 ‘lle
888 3281 1037 3360 tranquill.
1057 3277 1114 3340 an.'
1141 3279 1236 3341 idn:

61 3373 114 3437 ‘oti
138 3374 201 3457 γάρ
230 3371 403 3457 σφοδραὶ
432 3373 507 3458 περὶ
530 3376 571 3438 τά
593 3376 766 3458 πράγματα
789 3384 901 3438 πτοῖαι
925 3425 957 3440 ..
983 3372 1184 3456 ἐγγεννῶσιν
1208 3425 1236 3438 ..

63 3471 255 3547 δυσκολίας’
280 3486 310 3534 et
333 3495 357 3534 c.
379 3473 419 3536 12
435 3479 511 3537 init:
539 3472 571 3554 ‘q
598 3476 755 3554 φιλαυτία
778 3481 920 3536 ποιοῦσα
940 3472 1144 3538 ...πάντων
1168 3471 1235 3536 ἐπι-

63 3568 309 3652 δραττομένους
324 3568 515 3652 tartaros?
535 3607 577 3615 —
597 3566 776 3653 Ἥρεμεῖνῗ
792 3573 869 3632 idem
884 3575 1031 3651 significat
1045 3583 1132 3652 atque
1150 3593 1236 3634 voces

62 3669 204 3750 γαλήνη,
225 3666 330 3750 εὐδία,
350 3665 469 3750 ἡσυχία
484 3674 514 3731 in
529 3671 614 3730 libris
630 3667 681 3731 ‘lle
697 3671 845 3750 tranquill.
861 3666 919 3730 an.'
937 3679 966 3730 et
980 3667 1033 3731 ‘tte
1049 3674 1114 3731 virt.
1131 3680 1160 3731 et
1175 3666 1234 3732 vit’

157 3890 183 3956 1)
202 3884 242 3941 Of.
264 3886 316 3941 ‘De
331 3887 473 3954 tranquill.
489 3888 545 3941 an.'
561 3887 662 3940 cinit:
684 3883 787 3940 ‘nunde
806 3884 858 3955 μὲν
878 3883 1114 3953 ἀναισθησίας
1129 3885 1235 3953 σώματι

65 3963 219 4035 φάρμακον
239 3961 366 4021 ἀκονία’.
400 3966 530 4021 Ceterum
544 3966 618 4020 Plut.
637 3983 748 4019 versum
768 3968 869 4034 poetae
889 3963 991 4033 tragici
1010 3963 1101 4032 ignobi
1116 3964 1235 4033 (Nauck,

64 4045 118 4115 frg.
139 4046 235 4114 adesp.
251 4046 313 4115 361)
337 4046 430 4114 alleri,
459 4065 514 4115 quo
539 4047 626 4099 utitur
650 4047 734 4100 eblum
762 4047 813 4099 ‘De
834 4044 982 4098 andiendo’
1001 4048 1046 4110 123
1072 4043 1124 4096 ‘De
1144 4042 1235 4098 cohib.

65 4126 119 4179 ira'
137 4133 166 4190 63
187 4125 240 4180 ‘De
255 4126 370 4195 garrul’
389 4133 416 4192 13
438 4125 563 4191 ‘Quaesb
579 4127 716 4195 Sympos'
733 4125 771 4178 Ill
788 4131 812 4188 9,
829 4130 851 4176 1.

157 4207 184 4273 2)
204 4205 244 4258 De
264 4207 375 4274 Agaues
399 4208 528 4275 exemplo
552 4207 587 4262 cf.
607 4205 744 4261 Giesecke
761 4223 791 4274 p.
806 4211 858 4258 tta
881 4205 932 4273 tel.
954 4205 1045 4256 etiam
1056 4204 1178 4254 Senatu
1191 4207 1253 4251 sm.

60 4284 125 4349 113,
140 4290 194 4336 aaa
203 4287 262 4351 aa).

142 4363 170 4429 3)
191 4360 231 4415 Cf.
256 4363 309 4417 ‘De
324 4365 473 4435 tranquill.
490 4371 549 4427 an.’
570 4371 664 4442 1fin.,
684 4371 743 4427 ‘De
757 4371 831 4425 nrt.
842 4367 926 4423 mur?
946 4369 982 4428 l,
995 4353 1132 4414 moss-
