2754 4656
45 540 50 655 l

565 249 807 312 —113-

101 423 297 507 ‘repenarde'
330 429 381 508 sit,
414 436 444 488 et
472 431 752 490 commemoratione
781 430 902 508 dignum
932 431 1049 491 videtur
1077 430 1269 494 Plutarchum

102 524 182 604 plane
206 525 264 585 3113
288 525 425 604 33313333
444 521 497 584 Ἱ13
518 526 666 604 tranquill.
681 523 739 586 an.'
758 547 783 588 c.
798 526 828 608 2,
852 528 903 588 ubi
922 547 973 588 eos
994 527 1184 590 vehementer
1203 549 1269 608 per-

45 664 48 729 ,
101 625 216 702 stringit
240 625 293 702 qui
316 618 364 684 ‘eo
384 618 556 702 εὐθυμεῖν
580 626 772 686 coniunctum
793 645 858 686 esse
877 628 1046 686 necessario
1066 646 1134 688 cum
1154 623 1265 708 ‘riopol-

100 713 161 802 ξίςί
188 729 304 799 putent.
328 753 370 762 -
394 721 431 781 Α1
458 723 484 780 13
512 728 626 782 tantum
656 725 706 801 qui
734 723 831 783 obiter
850 741 921 783 rem
950 726 1098 785 examinat
1122 727 1269 802 suspicari

99 826 195 895 potest
227 817 420 897 Plutarchum
451 818 499 878 bis
532 818 649 879 duobus
682 820 755 880 locis
784 823 946 882 sententias
974 821 1109 899 prolitcri
1138 822 1196 882 sibi
1223 841 1268 883 re·

99 922 273 996 pugnantes,
296 934 363 976 cum
382 916 431 976 bic
451 916 637 976 commendet
656 920 795 1000 quietem,
819 917 861 977 ibi
880 919 1003 977 activam
1024 919 1112 978 vitam
1132 918 1269 979 laudibus

98 1010 212 1093 ederat3
241 1015 330 1074 immo
358 1022 486 1093 utroque
515 1012 579 1073 loco
608 1014 750 1075 iudicium
779 1016 835 1076 1331
864 1017 942 1075 13313
971 1017 1083 1096 acrius;
1111 1034 1214 1075 revera
1238 1017 1269 1076 hi

99 1109 155 1170 duo
187 1111 246 1172 loci
277 1114 356 1172 inter
389 1129 420 1171 se
454 1111 630 1172 conectendi
662 1122 744 1193 sunt,
777 1132 845 1174 cum
874 1107 922 1173 ‘ab
951 1109 1046 1191 ἄμυν’
1076 1113 1170 1173 solum
1199 1106 1268 1196 (Ἱ13

98 1208 246 1287 tranquill.
267 1204 325 1269 an.'
348 1228 372 1269 3.
395 1203 528 1292 161311.)
558 1219 661 1269 auctor
692 1213 859 1288 vituperare
888 1221 917 1271 et
941 1211 1044 1271 tollere
1069 1212 1138 1272 velit
1161 1221 1191 1273 et
1214 1209 1268 1272 ‘lle

99 1306 246 1386 tranquill.
266 1302 324 1368 an.'
349 1304 369 1367 2
402 1307 523 1386 quidem
557 1309 676 1367 nimiam
709 1311 861 1388 inertiam,
894 1316 997 1368 contra
1030 1305 1086 1368 ‘An
1112 1306 1267 1370 vitiositas'

100 1402 180 1464 ldn.
204 1406 324 1464 nimiam
348 1403 534 1464 sedulitatem
559 1416 689 1482 respuat.
714 1439 756 1448 -
780 1406 903 1466 Accedit
928 1407 1005 1485 quod
1030 1406 1146 1467 libellus
1171 1409 1268 1487 quode

97 1503 208 1580 agimus
241 1503 272 1562 13
305 1501 431 1580 singulis
459 1501 534 1562 bene
563 1521 631 1562 cum
661 1502 708 1562 illa
738 1504 948 1564 dissertatione
977 1504 1150 1584 concordat3
1183 1509 1269 1565 casti-

96 1609 201 1678 gantur
229 1601 308 1660 enim
337 1599 401 1659 1333
431 1618 518 1679 quem
548 1609 710 1660 tractamus
737 1603 764 1659 ei
788 1603 839 1679 qui
863 1602 940 1680 apud
965 1620 1051 1680 reges
1075 1611 1105 1662 et
1129 1621 1269 1680 proceres

96 1697 223 1758 honores
256 1706 376 1775 3331331
404 1706 434 1757 31
462 1693 644 1759 ‘obiicerem
672 1692 714 1758 δι’
743 1693 854 1759 αὑτῶν
882 1697 929 1772 είς
958 1696 1080 1773 αὐλάς
1107 1695 1161 1760 καὶ
1188 1720 1268 1781 προ-

96 1791 224 1875 πομπὰς
245 1789 302 1856 ιιαὶ
324 1791 532 1875 θυραυλίας,
557 1795 736 1875 quibuscum
761 1798 860 1855 verbis
884 1797 1021 1856 33313333
1046 1793 1099 1857 ‘De
1121 1797 1269 1876 tranquill.

96 1887 153 1954 an.'
175 1891 211 1973 3,
238 1890 350 1954 aaut:
383 1889 452 1953 ‘dccl
482 1899 585 1954 ταῦτα
617 1890 814 1972 προαγωγὰς
846 1888 882 1954 ἐν
915 1889 1055 1967 αὐλαῖς
1088 1892 1268 1957 διώκουσί.

69 2073 72 2078 ¹
97 1989 249 2052 Eiusmodi
276 1990 412 2051 homines
438 1989 597 2050 Plutarcho
626 1992 707 2050 inani
735 2009 786 2069 spe
815 1993 919 2068 agitari
948 2001 978 2051 31
1007 1995 1105 2052 vexari
1130 1994 1268 2053 videntur

98 2081 286 2170 (πλανᾶται
305 2087 501 2168 τριβόμενος
520 2086 556 2149 ἕν
575 2101 662 2148 τισιν
683 2084 812 2149 ἐλπίσιν
831 2082 886 2149 καὶ
906 2084 1269 2174 προπηλακιζόμενος’);

98 2204 149 2246 333
177 2187 263 2248 311133
287 2187 438 2247 invehitur
462 2189 492 2247 13
516 2186 651 2246 homines
676 2188 793 2264 ineptae
818 2188 882 2264 spei
906 2186 1022 2246 deditos
1047 2183 1100 2246 ‘lle
1120 2186 1269 2265 tranquill.

96 2281 151 2345 an.'
174 2303 200 2346 3.
222 2283 329 2347 18113.
353 2295 383 2345 31
406 2303 431 2345 c.
453 2281 574 2346 191311.
876 2278 879 2285 ’

181 2382 340 2443 Praeterea
373 2385 404 2442 iu
436 2390 563 2461 utraque
596 2383 845 2442 commentatione
874 2400 925 2440 eos
953 2385 1107 2460 impugnat
1135 2385 1187 2460 qui
1215 2402 1268 2442 sua

98 2481 268 2542 condicione
292 2498 454 2559 numquam
479 2483 611 2540 contenti
635 2479 700 2539 aliis
724 2497 841 2556 semper
866 2480 1006 2539 invident.
1049 2479 1091 2539 Gi.
1116 2475 1168 2540 ‘lle
1189 2490 1267 2540 tran-

97 2578 175 2656 quill.
191 2575 249 2640 an.’
268 2598 295 2640 c.
310 2575 344 2639 3:
369 2575 578 2658 επροαγωγὰς
597 2623 604 2637 .
620 2622 649 2638 ..
670 2575 829 2638 διώκουσι
848 2571 903 2637 καὶ
922 2575 1269 2656 superadventante

95 2673 318 2757 βαρύνονταί,
339 2676 448 2755 quibus
464 2674 562 2735 verbis
578 2677 695 2753 egregie
712 2676 872 2753 respondet
887 2671 943 2733 ‘An
960 2671 1115 2735 vitiositas'
1135 2694 1159 2734 c.
1177 2672 1193 2734 1
1207 2677 1268 2737 fin:

95 2767 147 2834 ‘dv
176 2765 212 2834 dt
240 2768 294 2833 καὶ
323 2770 405 2853 τύχῃ
433 2771 541 2851 τινός,
569 2763 617 2832 ὧν
645 2774 759 2851 ποθεῖ,
787 2767 1013 2854 περιενεχθεὶς
1040 2767 1093 2832 καὶ
1119 2771 1268 2834 σκοτοδι-

92 2867 210 2944 νιάσας
243 2870 326 2952 πρὸς
355 2868 414 2930 τὸν
442 2867 626 2952 τῆςτύχης
653 2868 883 2951 πεταυρισμὸν
906 2866 1070 2948 ἀπόβασιν
1100 2867 1209 2950 ζητεί,
1238 2880 1269 2930 31

92 2987 162 3028 cum
195 2969 392 3048 sequentibus
420 2969 519 3027 verbis
547 2964 726 3047 *μακαρίζει
754 2967 833 3041 τοὺς
861 2963 1002 3042 ἀδόξους
1029 2962 1082 3027 καὶ
1111 2965 1268 3046 ἀσφαλῶς

92 3062 227 3140 ζῶντας
252 3060 304 3149 (cl.
330 3063 382 3126 ‘De
403 3066 552 3144 tranquill.
571 3061 630 3125 an.'
654 3067 671 3125 1.
691 3065 722 3126 l.:
746 3063 922 3146 *φεύγουσι
945 3063 1005 3144 τὴν
1029 3061 1170 3144 ἀγοράν,
1198 3058 1268 3126 εἶτα

89 3159 153 3242 τὴν
181 3159 324 3244 ἡσυχίαν
354 3159 395 3224 οὐ
424 3156 592 3246 φέρουσί)
622 3163 697 3222 bene
726 3167 877 3240 conspirat
901 3158 953 3220 ‘De
975 3157 1200 3239 tranquillari?
1227 3160 1268 3223 10

90 3263 169 3341 init,
198 3262 250 3322 ubi
278 3281 332 3340 pro
362 3280 431 3321 voce
461 3256 653 3341 μακαρίζεί
681 3268 845 3338 usurpatur
874 3253 1185 3338 (εὐδαιμονίζουσιν
1214 3251 1266 3340 (31.

90 3369 192 3420 autem
215 3360 302 3439 paulo
327 3361 401 3420 inlra
426 3356 589 3420 4701103.
616 3352 880 3438 μακαρίζουσί).

182 3457 304 3518 Accedit
328 3456 415 3517 aliud.
458 3453 513 3516 ‘An
534 3450 690 3515 vitiositas'
714 3455 865 3515 1.1.Ρ131.
890 3454 1044 3514 contendit
1064 3455 1198 3514 homines
1218 3473 1266 3532 po·

92 3556 187 3615 tentia
214 3554 339 3632 quadam
365 3554 513 3633 praeditos
538 3549 669 3627 ἀδόξοις
692 3553 833 3631 invidere,
859 3546 999 3624 ἀδόξους
1024 3563 1125 3610 333133
1150 3554 1193 3610 313
1217 3556 1266 3629 qui

92 3671 126 3712 se
155 3654 326 3730 superiores
355 3655 427 3732 sint,
456 3671 511 3711 uec
539 3652 625 3712 aliter
653 3652 764 3711 iudicat
793 3646 850 3709 ‘De
877 3648 1025 3726 tranquill.
1050 3644 1107 3708 an.'
1134 3646 1188 3727 10,
1217 3648 1268 3708 ubi

91 3749 145 3810 cl:
169 3744 263 3828 επρὸς
281 3748 359 3821 τοὺς
377 3744 640 3829 ὑπερέχοντας
660 3741 987 3828 ἀντιπαρεξάγουσιν
1009 3772 1050 3794 =
1071 3742 1125 3804 ‘An
1147 3741 1268 3806 vitios’:

91 3838 192 3928 ε(τὸν)
217 3837 313 3926 ὑπὲρ
337 3841 459 3918 αὑτοὺς
482 3842 729 3926 φερόμενον’.
773 3841 825 3904 Ἱ13
846 3844 993 3922 tranquill.
1013 3838 1070 3903 an.'
1090 3843 1109 3902 1.
1125 3843 1144 3902 1.
1164 3862 1265 3903 33333·

92 3953 164 4004 3331
191 3943 279 4004 hoec:
307 3939 385 4005 ‘cmv
413 3935 509 4024 barbo
539 3939 705 4016 ἑαυτοὺς
728 3938 852 4014 ἐνδεεῖς
875 3937 978 4013 όντες’
1003 3968 1044 3989 =
1069 3936 1126 4000 ‘An
1146 3937 1267 4000 vitios.':

93 4032 206 4121 ‘bubo
232 4037 401 4114 αὐτούς’.
448 4042 635 4101 Antecedunt
658 4044 688 4100 13
713 4039 729 4100 l.
755 4036 811 4099 ‘An
832 4034 937 4098 vitios’
964 4037 1052 4097 verba
1076 4033 1157 4097 ‘dvm
1180 4033 1268 4115 βλέ-

92 4135 257 4217 ποντες’,
277 4139 455 4217 quibuscum
470 4139 507 4199 cl.
523 4134 575 4198 ‘lle
592 4137 739 4217 tranquill.
755 4132 811 4196 33.’
828 4134 921 4197 eun:
937 4129 1013 4207 “ὲ’ξω
1029 4128 1266 4213 βλέποντεςῖ

182 4237 219 4295 dt
238 4231 291 4296 ‘De
311 4235 460 4314 tranquill.
475 4230 532 4296 an.'
552 4233 713 4296 3101311.
733 4234 817 4293 deest
836 4235 982 4292 sententia
1003 4231 1071 4292 libri
1089 4229 1145 4290 ‘An
1160 4227 1266 4292 vitios?

91 4333 149 4392 loci
173 4333 292 4410 dequo
316 4335 431 4412 agimus
454 4335 590 4414 3333313,
614 4351 672 4412 qua
695 4332 854 4393 edocemur
878 4329 1010 4390 alterum
1028 4329 1169 4405 alterius,
1183 4346 1276 4385 susm

136 4439 348 4483 Commentarionos
362 4445 484 4486 Issenses.
514 4447 557 4488 VI.
1062 4432 1085 4477 Q
