2754 4656
553 227 776 330 --aa-v

73 455 162 508 ratus
184 460 238 509 est.
277 449 308 509 E.
324 468 351 528 g.
371 448 580 509 similitudines
604 447 639 506 ad
665 441 844 527 ‘pompare'
863 443 904 530 (o.
919 440 954 530 3)
973 456 1002 506 et
1022 447 1057 506 ad
1079 447 1153 506 lovis
1174 448 1248 507 dolia

73 532 121 619 [c.
137 539 171 628 4)
194 556 363 624 spectantes
387 550 417 606 in
440 547 497 606 hoc
520 544 596 604 libro
621 543 789 604 accuratius
813 563 849 603 ex
868 546 1019 604 communi
1038 549 1248 604 commentario

73 637 267 722 lepromptae
287 654 365 724 sunt,
386 663 439 704 uec
459 643 562 704 dubito
583 645 654 719 quin
675 640 783 701 ibidem
804 645 984 720 comparatio
1004 642 1141 702 acribris
1156 645 1247 720 petita

73 755 112 800 ex
136 742 237 801 eodem
262 752 382 802 auctore
406 750 557 819 assumpta
581 742 627 819 sit,
651 757 718 799 cum
740 742 771 798 in
790 738 914 817 singulis
934 758 1000 799 cum
1021 738 1085 799 aliis
1105 759 1179 819 quae
1200 761 1247 801 ex-

73 841 224 899 :ussimus
249 839 323 899 bene
347 839 515 900 concordet.

164 936 206 995 De
240 936 432 996 similitudine
465 935 500 995 ad
534 933 736 994 cucurbitulas
769 943 920 1012 spectante
954 936 1011 994 iam
1040 954 1129 1013 supra
1159 937 1246 996 verba

73 1032 131 1094 ‘feci
156 1028 209 1112 (cl.
230 1053 257 1112 p.
272 1027 330 1117 79)
353 1043 383 1093 et
406 1050 581 1112 persuasum
606 1031 699 1091 haheo
719 1050 782 1091 eam
802 1034 832 1091 in
852 1031 928 1091 libro
948 1027 1000 1092 ‘De
1021 1032 1168 1112 tranquill.
1189 1031 1246 1095 an'

73 1130 191 1191 bdelius
220 1139 365 1191 servatam
394 1149 473 1209 esse,
498 1148 569 1190 cunr
598 1130 663 1205 pari
688 1128 776 1187 modo
800 1137 888 1206 atque
912 1128 968 1189 boc
992 1129 1057 1189 loco
1081 1133 1169 1190 etiam
1193 1128 1246 1192 ‘lle

73 1222 195 1288 curios?
217 1225 237 1289 6
261 1229 291 1288 in
318 1227 431 1307 malam,
455 1245 523 1306 non,
548 1234 580 1286 ut
604 1224 690 1305 paulo
710 1226 900 1284 artificiosius
920 1229 949 1285 in
970 1226 1046 1286 libro
1066 1222 1118 1287 ‘lle
1139 1224 1247 1310 exilio',

73 1323 238 1384 in-bonam
263 1332 378 1402 partem
402 1342 545 1384 conversa
569 1330 739 1401 usurpetur.

164 1420 197 1480 ln
222 1421 365 1498 proximis
389 1419 659 1498 disputatiunculae
684 1417 736 1482 ‘ue
761 1418 860 1482 exilio'
884 1421 1032 1500 capitibus
1050 1421 1126 1482 Plut.
1152 1427 1246 1484 varios

73 1518 309 1579 consolationum
328 1516 451 1590 τόπους
469 1536 544 1596 quos
559 1517 664 1578 Graeci
683 1519 794 1597 dicunt,
814 1518 909 1596 quoad
925 1520 1051 1578 attinent
1066 1518 1100 1577 ad
1117 1518 1245 1598 exilium,

73 1615 245 1696 perlustrat,
264 1623 298 1676 ut
317 1617 401 1675 amici
423 1633 586 1675 maerorem
607 1618 727 1676 minuat.
766 1615 889 1676 Redolet
908 1616 979 1675 haec
994 1634 1063 1694 pars
1079 1615 1245 1677 Stoicorum

73 1714 321 1793 cynicorumque,
346 1731 472 1790 quorum
497 1721 662 1773 commenta
684 1712 834 1772 Plutarchi
859 1722 952 1772 aetate
973 1713 1130 1772 admodum
1150 1714 1246 1773 coalu-

74 1821 170 1890 erant,
195 1811 359 1871 doctrinam
1335 1800 1338 1807 ’

162 1909 204 1968 to
226 1917 356 1967 nostram
376 1927 439 1968 rena
458 1916 548 1986 caput
563 1906 582 1970 8
598 1910 736 1988 pertinet,
756 1911 841 1968 cuius
856 1909 950 1985 prima
966 1907 1053 1967 verba
1070 1912 1244 1968 sententiam

73 2009 243 2084 exprimunt
267 2005 352 2065 nobis
376 2007 447 2065 satis
473 2014 584 2084 notam3
612 2005 685 2065 dicit
708 2008 786 2065 enirn
811 2013 926 2065 auctor:
953 2000 1011 2064 ‘tto
1035 2002 1098 2085 γὰρ
1122 2012 1246 2087 σκοπῇς

73 2102 168 2166 ἄνευ
190 2106 309 2181 κενῆς
332 2097 447 2181 δόξης
470 2099 531 2181 τὴν
555 2097 738 2181 ἀλήθειαν.7
763 2136 806 2144 -
829 2103 951 2162 Accedit
969 2102 1056 2163 aliud.
1093 2099 1146 2162 ‘lle
1166 2113 1244 2164 tran-

73 2201 153 2280 quill.
173 2197 274 2260 an.’4
296 2199 513 2259 Chaeronensis
537 2199 665 2260 hominis
690 2202 790 2259 nescio
814 2202 900 2260 cuius
924 2203 1109 2261 enuntiatum
1137 2203 1245 2262 relutat

74 2302 123 2378 qui
152 2297 360 2358 contenderat:
389 2291 421 2375 ‘q
445 2295 608 2374 συνήθεια
632 2303 723 2356 ποιεῖ
743 2305 811 2369 τοῖς
835 2292 1004 2377 trophos
1026 2297 1086 2359 τὸν
1108 2296 1245 2378 ἄριστον

73 2395 147 2475 βίον
171 2390 279 2474 ἡδόν’;
304 2412 370 2454 nam
390 2393 541 2454 Plutarchi
564 2413 600 2453 ex
624 2398 770 2454 sententia
795 2413 852 2453 non
873 2395 1056 2455 consuetudo
1082 2396 1244 2456 sedunum

73 2489 119 2554 ‘cb
143 2487 296 2573 φρονεῖν’
325 2493 413 2550 vitant
439 2490 553 2550 beatam
577 2492 683 2551 reddit.
730 2491 837 2551 Contra
861 2489 915 2551 ‘lle
939 2488 1038 2552 exilio'
1063 2491 1079 2552 l.
1100 2495 1116 2554 l.
1141 2503 1244 2554 errator

73 2591 127 2651 hoc
153 2589 311 2651 consilium
334 2583 460 2649 ‘raldo'
485 2600 636 2667 nuncupat
659 2589 849 2669 Pythagoreis
869 2589 897 2648 id
918 2589 1061 2666 tribuens,
1086 2608 1143 2666 qua
1162 2593 1192 2649 in
1212 2609 1244 2650 re

73 2708 106 2749 eo
129 2689 225 2766 magis
249 2689 276 2746 ei
299 2686 386 2745 fidem
411 2684 520 2744 habere
545 2704 703 2762 possumus
727 2685 804 2765 quod
830 2704 897 2745 cum
921 2685 992 2746 alias
1016 2695 1117 2746 noster
1137 2685 1243 2765 Pytha·

73 2803 229 2865 goreorum
263 2777 540 2862 ’παραγγέλματα
573 2785 691 2862 saepius
723 2785 753 2843 in
787 2781 940 2861 publicum
969 2792 1064 2862 vocat,
1098 2792 1161 2842 tum
1190 2781 1263 2844 ‘De

73 2878 170 2945 axilio'
199 2879 268 2943 o.8
301 2882 428 2959 genuina
462 2879 550 2939 huius
584 2881 657 2939 dicti
689 2881 781 2940 forma
816 2891 930 2939 servata
960 2889 1006 2962 est
1035 2874 1140 2963 (ἑλοῦ
1167 2880 1243 2960 βίον

73 2979 223 3063 ἄριστον,
247 2974 333 3058 ἡδὺν
358 2970 388 3036 δ’
411 2973 514 3038 αὐτὸν
537 2971 557 3055 ἡ
581 2976 745 3056 συνήθεια
768 2970 966 3060 τοιήσει’).)

158 3077 191 3137 ln
220 3079 264 3137 eis
282 3093 367 3154 ¹quae
396 3083 564 3154 sequuntur
593 3075 720 3135 hominis
748 3075 876 3153 publicis
904 3077 1030 3153 negotiis
1054 3075 1146 3135 dediti
1170 3075 1243 3135 mala

73 3177 207 3236 condicio
232 3175 411 3253 depingitur,
435 3175 580 3251 potitique
606 3181 675 3233 sunt
699 3172 813 3233 colores
832 3175 958 3232 maxima
977 3191 1012 3232 ex
1032 3180 1115 3250 parte
1135 3192 1169 3232 ex
1190 3176 1242 3232 irn-

73 3277 145 3354 perii
168 3272 293 3333 Romani
321 3279 410 3331 statu.
457 3270 598 3331 Addenda
627 3277 697 3329 sunt
725 3267 955 3350 e.11‚603r,
985 3270 1035 3330 nbi
1063 3269 1131 3330 exul
1159 3288 1241 3348 prae·

73 3373 200 3451 dicatur,
233 3371 300 3447 quia
336 3377 418 3427 tutus
451 3369 489 3426 sit
522 3386 536 3426 a
571 3367 759 3446 sycophantis
787 3385 842 3427 uec
871 3370 1026 3446 quisquam
1056 3386 1124 3427 eum
1152 3362 1243 3428 ‘ovo-

73 3462 330 3552 νρχαιρεσιόσαι’
354 3465 468 3545 iubeat,
494 3476 523 3524 et
547 3483 571 3524 c.
592 3459 643 3538 12,
664 3461 730 3525 604
740 3463 771 3543 B,
795 3463 846 3523 ubi
870 3466 896 3522 ei
921 3467 970 3542 qui
995 3466 1144 3541 queritur:
1169 3461 1243 3524 ‘oda
1298 3472 1301 3476 ’

73 3564 214 3648 ἄρχομεν
247 3556 326 3624 οὐδὲ
359 3558 563 3642 βουλεύομεν
596 3550 669 3621 οὐδ’
696 3555 985 3640 ἀγωνοθετοῦμεν
1015 3560 1157 3621 obiciturz
1190 3556 1243 3622 ‘od

73 3657 284 3739 στασιάζομεν
317 3652 369 3743 (cl.
400 3679 424 3720 o.
449 3653 484 3741 8)
518 3649 591 3719 οὐδ’
623 3652 844 3737 ἀναλίσκομεν
877 3650 956 3718 οὐδὲ
984 3655 1242 3739 προσηρτήμεθα

73 3759 192 3842 θύραις
216 3751 398 3837 ἡγεμόνος’.
444 3755 540 3815 Etiam
563 3756 635 3815 haec
659 3755 794 3832 adaptata
819 3755 947 3813 suntad
973 3754 1152 3815 Graecarum
1175 3772 1242 3832 pro·

73 3860 234 3920 riuciarum
253 3887 295 3898 -
315 3856 440 3914 maxime
455 3854 541 3912 Asiae
556 3854 803 3929 -imperatoria
823 3859 918 3911 aetate
937 3850 1153 3931 condicionem,
1174 3870 1242 3911 nam

73 3974 154 4016 nemo
174 3961 221 4013 est
245 3955 316 4030 quin
340 3954 422 4030 sciat,
449 3950 519 4029 quid
544 3950 602 4010 illis
627 3949 812 4028 temporibus
837 3949 1030 4027 agonothetae
1055 3966 1163 4008 munus
1182 3967 1240 4009 non

73 4065 127 4113 tarn
152 4054 180 4110 vi
204 4067 291 4129 quam
315 4047 458 4126 dignitate
484 4047 615 4108 valuerit.

160 4199 186 4261 1)
211 4195 246 4248 cl.
265 4193 390 4262 Natorp,
413 4191 465 4246 Die
490 4190 595 4245 Ethika
618 4191 667 4246 des
690 4190 835 4245 Demokrit
852 4209 880 4260 p.
895 4195 943 4257 et,
962 4189 1026 4244 adn.
1051 4218 1083 4228 -
1110 4188 1163 4242 ‘De
1183 4205 1240 4243 san.

73 4275 184 4410 aupnqq’
196 4278 280 4406 eqd-3,
281 4271 373 4405 1111230
397 4270 450 4324 hoc
474 4271 651 4325 enuntiatum
675 4270 712 4323 ad
735 4285 836 4340 corpus
860 4268 994 4337 refertur,
1017 4273 1050 4323 ut
1071 4267 1123 4321 ‘De
1143 4266 1238 4321 exilio’
