2754 4656
584 244 829 320 -εο-,

109 416 162 482 boc
192 433 246 486 est:
270 420 301 487 ‘d
324 421 481 503 λογισμὸς
504 420 659 486 εὐκολίαν
680 418 736 485 καὶ
754 421 940 504 μεταβολὴν
960 418 1175 504 ἐγγενόμενος
1193 428 1282 483 notet

100 517 193 595 πρὸς
222 517 360 584 ἕκαστον
392 517 488 601 βίου’.
540 522 625 593 Quod
658 532 689 582 ut
717 523 904 601 comprobet,
937 521 1154 582 Chaeronensis
1183 521 1280 580 tribus

78 633 81 637 ·
95 621 308 699 exemplorum
324 621 446 700 paribus
461 623 564 701 utitur,
583 622 728 699 oppositis
742 618 908 679 Alexandro
923 619 1043 699 Crateti,
1064 621 1280 697 Agamemnone

90 707 244 798 Diogeni,
267 718 452 779 Phaethonte
477 718 602 799 Socrati.

198 816 256 876 lam
280 819 311 876 in
335 816 403 876 libri
422 812 475 876 ‘lle
496 810 595 876 exilio’
620 818 757 894 inscripti
777 817 834 875 hnc
853 817 1075 892 coniunguntur
1095 817 1281 891 Anaxagoras

80 914 112 965 et
151 911 299 975 Socrates
328 933 456 993 quorum
479 923 606 993 uterque
629 916 659 973 in
684 913 748 974 loco
772 915 906 992 quamvis
931 911 1091 972 miserabili
1116 913 1183 973 felix
1209 919 1280 986 erat,

78 1008 217 1080 quibus
249 1021 354 1073 auctor
385 1013 509 1090 opponit
537 1011 751 1072 Phaethontem
786 1011 998 1070 etTantalum
1032 1029 1107 1088 quos
1136 1006 1195 1081 ‘ete
1222 1007 1281 1068 τὸν

74 1097 254 1184 Οὐρανὸν
273 1105 461 1188 ἀναβάντας
479 1106 515 1172 oi
529 1105 664 1189 ποιηταὶ
679 1105 812 1188 λέγουσι
827 1116 898 1181 ταῖς
912 1107 1081 1189 μεγίσταις
1095 1113 1281 1188 συμφοραῖς

71 1213 296 1280 περιπεσεῖν
321 1204 376 1268 διδ
398 1204 461 1286 τὴν
483 1203 702 1288 ἀφροσύνην.

199 1302 280 1373 Quod
306 1306 461 1366 exordium
487 1309 606 1366 minime
632 1307 777 1385 quadrare
802 1308 831 1365 in
856 1324 888 1364 ea
914 1325 988 1382 quae
1013 1304 1205 1381 antecedunt,
1231 1304 1280 1363 ubi

70 1398 272 1462 rationibus
301 1402 507 1480 Empedocleis
540 1413 569 1464 et
595 1403 754 1464 Platonicis
787 1404 1009 1463 demonstratur
1042 1401 1155 1462 nullum
1183 1401 1280 1460 locum

68 1485 221 1559 homini
247 1495 417 1580 εὐθυμίαν
445 1503 561 1580 eripere
590 1520 691 1580 posse,
724 1504 753 1561 in
783 1509 923 1579 promptu
951 1509 1009 1580 est3
1043 1518 1110 1559 nam
1138 1498 1215 1578 quod
1245 1497 1280 1557 ad

68 1580 260 1657 Socratem
294 1600 413 1671 attinet,
447 1599 494 1658 hic
528 1617 592 1659 eam
622 1607 736 1660 tantum
765 1599 803 1659 ob
832 1617 949 1658 causaun
979 1597 1179 1675 praedicatur,
1213 1597 1280 1674 quia

66 1673 296 1775 εφάρμακον
314 1694 422 1757 τείνων
442 1691 658 1776 ἐφιλοσόφεί,
682 1716 740 1757 non
761 1699 829 1775 quia
849 1699 879 1755 in
899 1714 1018 1756 carcere
1039 1694 1107 1754 felix
1127 1694 1184 1753 sihi
1204 1694 1280 1753 vide-

63 1772 209 1872 batur3
231 1791 384 1853 Phaethon
408 1804 505 1856 autem
526 1796 726 1874 Tantalusque
752 1814 810 1855 non
830 1804 888 1854 tam
908 1793 1005 1854 locum
1026 1793 1171 1871 quendam
1192 1790 1280 1851 alium

60 1888 247 1960 appetere
279 1887 370 1970 tham
401 1896 542 1954 maiorem
575 1896 737 1972 potentiam
771 1896 902 1971 arripere
936 1894 1033 1952 conati
1061 1889 1199 1968 superbia
1228 1906 1280 1948 sua

57 1982 269 2047 eet-terum.
321 1987 402 2058 Quae
431 2008 500 2049 cum
528 1993 567 2052 ita
595 1995 669 2070 sint,
697 1994 754 2052 iam
785 1991 843 2052 loh.
869 1989 1014 2050 Stohaens
1042 1989 1098 2048 hoc
1127 1987 1280 2046 exordium

55 2079 102 2123 ⁸³
113 2081 182 2142 tis
211 2084 309 2145 obiter
341 2087 488 2148 adnexum
520 2108 585 2149 esse
615 2093 778 2169 perspexit,
812 2107 879 2149 cum
908 2090 937 2147 in
968 2087 1123 2164 Florilegio
1152 2085 1180 2144 id
1210 2086 1281 2144 omi-

54 2175 190 2241 s⁶³¹‘it
212 2215 255 2225 -
279 2182 389 2244 Contra
412 2182 465 2245 ‘lle
485 2187 633 2265 tranquill.
654 2182 711 2247 an'
736 2207 759 2248 c.
780 2186 800 2247 4
829 2188 926 2246 omnia
955 2185 1028 2244 haec
1056 2183 1188 2261 exempla
1213 2200 1280 2241 cum

52 2262 173 2337 loto
194 2291 368 2358 argumento
393 2282 467 2343 lieno
492 2286 666 2364 concinunt3
691 2304 757 2344 nam
782 2283 821 2344 ibi
842 2284 914 2344 haec
933 2291 1135 2361 exponuntur:
1159 2275 1281 2356 ‘doaso

50 2351 129 2420 τὸ
170 2371 324 2458 ὑπόδημα
346 2383 391 2460 τῷ
413 2373 492 2441 ποδὶ
511 2377 810 2460 συνδιαστρέφεται
828 2375 882 2441 καὶ
903 2376 943 2441 οὐ
962 2376 1170 2456 τούναντίον,
1195 2373 1281 2438 οὕτω

52 2466 188 2547 'oea
208 2473 305 2554 βίους
328 2473 365 2536 oi
386 2472 555 2552 διαθέσεις
576 2475 852 2559 συνεξομοιοῦσιν
876 2472 1010 2550 αὑταῖς)

197 2573 319 2633 decedit
347 2574 425 2653 quod
444 2574 511 2635 hoc
535 2576 599 2636 loco
623 2580 679 2637 tria
704 2577 751 2637 illa
776 2576 978 2654 exemplorum
1003 2577 1083 2652 paria
1108 2577 1225 2652 egregie
1250 2592 1281 2632 se

56 2661 275 2749 excipiunq
302 2679 404 2732 contra
429 2668 482 2732 ‘Dc
506 2671 605 2734 exilio’
629 2675 647 2735 l.
667 2675 684 2734 Ι.
708 2675 780 2735 haec
805 2685 884 2734 certa
910 2674 1056 2751 oppositio
1082 2670 1165 2749 plane
1189 2672 1280 2730 disso-

58 2740 168 2852 luta
197 2776 251 2829 est.
296 2768 357 2829 Nec
385 2788 455 2829 vero
486 2779 599 2831 tantum
629 2771 697 2830 libri
720 2766 774 2830 ‘tto
800 2768 947 2848 tranquill.
967 2763 1025 2828 an'
1054 2766 1150 2826 locum
1180 2774 1282 2825 noster

62 2857 128 2917 Π]
166 2865 260 2926 altero
288 2864 386 2925 libello
416 2870 561 2927 mutuavit
585 2867 635 2928 sed
660 2870 748 2927 etiam
773 2863 826 2927 ‘De
847 2861 946 2927 exilio'
970 2865 987 2925 l.
1007 2865 1023 2924 l.
1048 2867 1145 2943 ipsum
1170 2864 1280 2923 fontem

67 2957 192 3043 fidite,
221 2981 291 3023 cum
318 2963 360 3023 ibi
388 2963 475 3024 addat
499 2967 700 3044 Anaxagoram
724 2964 952 3043 Tantalumque,
981 2965 1032 3042 qui
1055 2959 1108 3022 ‘lle
1133 2960 1281 3039 tranquill.
1348 3024 1351 3030 ,

72 3055 165 3121 ³an
181 3059 199 3120 l.
214 3059 234 3120 l.
252 3060 370 3140 dosunt,
389 3070 492 3121 contra
511 3065 541 3121 in
561 3065 690 3141 genuino
710 3064 921 3122 commentario
937 3062 1028 3121 luisse
1044 3060 1195 3139 videntur3
1214 3078 1281 3118 nam

76 3132 162 3253 :lte
185 3156 323 3235 proiectu
347 3159 377 3216 in
403 3155 574 3220 virtutibus'
598 3157 784 3239 c.15‚84x
809 3162 917 3219 iterum
942 3159 1109 3218 invenimus
1133 3151 1282 3236 εείργμὸν

87 3249 350 3334 Αναξαγόρου’,
383 3257 433 3315 cui
462 3258 540 3334 apud
566 3256 715 3320 Plutarchi
745 3264 897 3316 auctorem
927 3254 1081 3315 Tantalum
1111 3257 1280 3332 oppositum

91 3339 201 3411 fuisso
225 3349 304 3411 haud
328 3352 523 3430 improbabile
548 3362 602 3414 est.

572 3654 728 3727 OAPV'I'
756 3654 818 3729 ΠΙ.

268 3789 313 3854 Dc
337 3789 449 3856 libello
474 3791 561 3877 ‘ateol
585 3792 702 3877 ἀρετῆς
725 3791 779 3857 καὶ
801 3792 928 3869 conto&
951 3792 1119 3875 inscripto

197 3935 320 3998 Praeter
337 3936 414 3998 hanc
434 3957 522 4017 qoam
541 3941 597 3998 iam
613 3941 804 4000 tractavimus
824 3940 1153 4000 commentatiunculam
1174 3942 1280 4002 disser-

115 4035 214 4094 tationi
242 4033 360 4112 quade
384 4036 597 4113 tranquillitate
621 4039 712 4097 animi
735 4038 832 4115 agitur
855 4037 1036 4097 simillimum
1060 4056 1125 4097 esso
1150 4037 1280 4098 libellum

115 4122 197 4213 ’περὶ
226 4125 344 4211 ἀρετῆς
366 4126 421 4193 καὶ
445 4129 570 4207 κακίας’
594 4136 771 4213 inscriptum
795 4137 961 4194 rectissime
985 4134 1094 4194 Heinze
1118 4134 1136 4195 l.
1156 4134 1173 4195 l.
1197 4135 1280 4194 iutel-

114 4224 194 4308 lexit3
211 4246 280 4288 nam
301 4235 381 4290 totus
400 4231 463 4291 lere
483 4231 681 4315 depromptus
699 4241 748 4294 est
766 4252 802 4294 ex
823 4232 941 4294 eisdem
957 4227 1213 4309 atquetlnffie
1220 4238 1307 4282 uxen-

104 4323 179 4399 qulil.
192 4318 256 4384 an!
266 4333 296 4385 et
314 4321 367 4387 ‘oe
382 4327 487 4393 exilio'
501 4336 751 4417 commentariis,
765 4333 851 4416 quod
863 4329 1112 4412 singultsheeat
1123 4313 1348 4390 mmmmm·
