2754 4656
626 236 844 300 „58-

148 415 199 475 sed
223 416 302 475 finiri
321 410 370 476 ‘rb
393 411 555 496 adriopov'
578 425 609 477 et
632 412 680 476 ‘ab
705 412 894 496 ὃύσθυμον’
919 436 978 477 nou
1003 420 1060 477 nisi
1080 414 1136 501 ‘api
1156 418 1245 502 καλῷ
1265 412 1323 479 καὶ

147 510 193 596 τῷ
216 510 364 596 αἰσχρῷῖ

236 611 269 670 lu
298 613 395 690 capite
423 612 512 671 tertio
541 620 629 690 negat
653 630 689 690 ex
713 630 770 672 una
794 619 908 673 tantum
932 614 1009 673 vitae
1032 615 1207 675 condicione
1231 613 1324 674 beati-

147 708 281 768 tudinem
310 711 420 769 assumi
444 727 545 790 posse,
574 727 632 788 qua
655 719 775 788 accepta
799 728 854 770 nos
878 728 911 770 ea
935 710 1069 772 lunditus
1092 712 1196 772 tollere
1220 730 1323 790 posse-

147 824 213 865 mus
238 824 312 884 quae
336 825 440 867 revera
463 809 523 867 sint
547 801 616 887 ’τῆς
637 811 745 887 ψυχῆς
768 803 808 868 τά
832 809 1001 870 λυποῦντα
1022 803 1077 871 καὶ
1095 803 1324 890 ταράιτοντα’;

147 905 236 963 immo
265 922 354 964 unam
379 906 524 965 rationem
549 904 634 964 nobis
657 904 783 965 reddere
808 923 928 965 suavem
952 908 1087 984 quemvis
1112 909 1187 967 vitae
1211 915 1324 967 statum

148 1010 178 1061 et
201 1001 399 1082 tolerabilem,
423 1004 560 1081 quoniam
585 995 623 1085 (c.
645 995 682 1083 4)
706 1001 930 1082 tranquillitatis
953 1004 1019 1064 lons
1043 1006 1072 1064 iu
1097 1012 1199 1065 nostro
1223 1005 1324 1064 animo

150 1098 285 1159 reclusus
310 1102 356 1180 sit,
381 1118 439 1179 quo
464 1107 588 1178 purgato
613 1099 698 1160 nobis
722 1094 789 1161 ‘nal
812 1097 852 1161 τά
871 1095 963 1174 ἐκτὸς
981 1097 1026 1174 ὡς
1044 1099 1148 1164 ολιιελα
1167 1095 1221 1163 καὶ
1240 1101 1324 1182 φίλα

147 1193 191 1277 μὴ
210 1197 358 1278 χαλεπῶς
376 1191 559 1280 χρωμένοις
579 1193 807 1278 συμφέρηταά.
844 1197 925 1269 Quae
945 1218 1012 1260 oum
1032 1201 1071 1259 ita
1087 1202 1155 1280 sint,
1176 1203 1324 1278 optimum

147 1297 263 1355 auctori
295 1302 398 1355 nostro
432 1295 549 1356 videtur
582 1295 790 1374 quodcumque
821 1297 938 1357 lortuna
968 1296 1053 1357 nobis
1081 1298 1161 1358 misit
1194 1297 1324 1358 libenter

148 1411 301 1472 aequoque
330 1395 427 1452 animo
456 1394 535 1454 lerre
563 1401 593 1454 et
623 1393 666 1454 vel
695 1412 730 1453 ex
757 1396 896 1472 pessimis
924 1396 955 1454 in
979 1413 1054 1474 quae
1078 1396 1238 1456 incidimus
1263 1390 1324 1457 ‘ol-

146 1488 238 1551 αελόν
270 1509 302 1550 ιι
329 1484 385 1551 καὶ
412 1487 585 1570 χρήσιμον’
614 1509 735 1572 capere;
762 1509 830 1552 nam
858 1494 1039 1554 contrarium
1068 1493 1165 1554 lacere
1193 1492 1325 1554 hominis

148 1606 214 1647 esse
237 1589 341 1667 inepti.
388 1585 427 1672 (c.
446 1582 492 1672 5.)

237 1684 330 1756 Quam
358 1689 536 1757 sententiam
565 1706 621 1767 qna
645 1696 771 1766 negatur
795 1688 900 1748 decere
924 1690 1086 1768 sapientem
1112 1685 1323 1768 μεθιστάναι

147 1779 209 1862 τὴν
235 1780 339 1865 τύχην
363 1779 399 1846 ἐκ
421 1792 488 1847 τῶν
511 1781 730 1866 ἀβουλήτωά,
757 1792 915 1864 postquam
937 1789 968 1847 iu
992 1789 1097 1866 eapitis
1121 1789 1198 1846 sexti
1220 1789 1324 1864 priore

149 1889 232 1960 parte
257 1881 414 1942 dilucidius
434 1882 629 1964 adumbravit,
652 1883 728 1944 Plut.
749 1883 846 1944 verbis
867 1884 974 1962 quibus
994 1885 1049 1945 hac
1068 1887 1182 1945 ratione
1203 1885 1324 1962 saepius

148 1981 244 2039 utitur
263 1976 328 2040 ‘oro
347 1973 402 2041 καὶ
421 1984 520 2042 τοῦτο
538 1976 606 2040 ete?
621 1974 738 2063 (p.467
749 1973 789 2061 E)
804 1999 909 2041 novam
924 1977 1020 2064 rem¹)
1035 1978 1128 2059 ‘apog
1142 1977 1323 2062 εὐθυμίαν’

150 2076 251 2136 utilem
279 2077 376 2156 affert,
405 2096 472 2138 cnm
500 2077 671 2138 homiuibus
700 2078 835 2157 suadeat,
863 2086 896 2139 ut
923 2081 953 2139 in
982 2080 1114 2140 adversis
1142 2079 1233 2140 rebus
1258 2098 1323 2139 ver·

149 2183 247 2234 santes
280 2175 315 2234 ad
348 2175 443 2235 claros
475 2175 611 2236 homines
643 2177 805 2253 respiciant
838 2177 889 2254 qui
918 2175 1029 2237 eisdem
1059 2178 1120 2237 lere
1149 2177 1324 2238 infortuniis

149 2271 218 2332 olim
243 2273 379 2352 oppressi
403 2275 470 2334 siut.

237 2370 298 2430 lam
327 2373 677 2433 uovnmseutentiarum
706 2390 814 2431 nexum
843 2370 963 2432 exhibet
990 2370 1090 2450 capi
1121 2376 1206 2433 cuius
1235 2391 1324 2452 argu·
1361 2433 1365 2442 ,

149 2477 282 2530 mentum
319 2468 375 2529 boc
408 2478 466 2532 est:
503 2469 585 2531 valde
617 2468 757 2549 probibet
791 2488 828 2529 ue
862 2471 952 2529 animi
984 2470 1228 2549 tranquillitatem
1263 2471 1324 2531 adi·

148 2569 298 2644 piscamur
332 2568 411 2648 quod
444 2568 489 2630 vel
521 2571 711 2630 inimieorum
744 2569 943 2628 amicorumve
974 2569 1053 2628 vitiis
1081 2568 1158 2629 baud
1188 2587 1256 2629 raro
1286 2569 1324 2629 ad

148 2666 223 2724 iram
247 2666 416 2746 incitamur,
439 2675 468 2727 et
493 2669 523 2727 in
548 2670 591 2729 eis
615 2686 690 2747 quae
715 2672 883 2744 sequuntur
901 2665 977 2725 Plut.
997 2668 1127 2746 exponit,
1151 2684 1207 2744 qua
1232 2667 1325 2728 medi·

148 2764 214 2822 cina
239 2762 361 2823 Paccius
389 2765 441 2842 qui
468 2772 498 2824 et
524 2766 587 2842 ipse
611 2766 665 2826 bac
690 2767 781 2826 auimi
803 2762 1027 2844 perturbatione
1051 2772 1219 2842 aegrotasse
1244 2765 1324 2825 vide-

148 2869 198 2920 tur
233 2878 352 2939 pravam
384 2861 470 2919 istam
502 2861 685 2922 iracundiam
718 2864 848 2942 elingere
882 2863 977 2940 possit
1011 2879 1128 2939 semper
1160 2863 1190 2921 in
1224 2865 1325 2922 animo

149 2966 254 3018 tenens
278 2957 393 3018 sodales
417 2976 476 3017 non
500 2976 565 3019 esse
584 2954 748 3032 “ἐπιειιιελς
770 2954 824 3022 καὶ
846 2953 1031 3040 χαρίεντας’
1056 2976 1232 3037 semperque
1253 2978 1325 3019 con·

150 3064 253 3116 suetus
277 3050 358 3129 ‘rote
380 3051 570 3138 πράγμασιν
594 3051 746 3137 ἐλαφρῶς
770 3050 1100 3137 σνμπεριφέρεσθαι’.

238 3153 299 3214 Νοο
328 3171 396 3213 vero
424 3155 455 3213 in
484 3156 579 3232 capite
607 3162 710 3215 octavo
736 3163 839 3214 auctor
862 3153 917 3214 hac
941 3155 1107 3215 disserendi
1133 3156 1176 3213 via
1201 3173 1325 3233 progre-

150 3254 239 3332 ditur,
263 3253 314 3313 sed
338 3252 437 3312 verbis
461 3248 557 3314 ‘dibeo
581 3246 709 3313 ἐκεῖνον
732 3242 832 3323 αὖθις
854 3248 912 3312 τὸν
936 3247 1012 3333 περὶ
1034 3258 1102 3312 τῶν
1120 3248 1325 3331 πραγμάτων

150 3349 250 3429 λόγον
279 3345 507 3430 άναλάβωμεν’
536 3358 637 3429 aperte
666 3348 744 3409 redit
772 3348 806 3409 ad
836 3367 869 3408 ea
897 3367 972 3426 quae
999 3353 1029 3409 in
1059 3347 1206 3427 capitibus
1234 3347 1325 3412 4-6

150 3456 327 3528 exposuerat
354 3429 450 3529 usqne
479 3448 514 3509 ad
544 3467 612 3508 eum
641 3449 746 3526 capitis
773 3448 849 3506 sexti
872 3445 969 3506 locum
993 3465 1052 3525 quo
1076 3465 1180 3506 novam
1205 3456 1325 3508 senteu-

149 3547 250 3607 tiolam
273 3547 407 3607 incohari
432 3565 522 3625 supra
541 3546 821 3626 demonstrarimns3
847 3563 913 3604 nam
932 3554 1088 3624 postquam
1107 3545 1198 3605 altera
1218 3548 1326 3625 capitis

151 3642 170 3706 6
194 3652 278 3723 parte
301 3643 431 3704 breviter
454 3643 669 3723 comprehensa
693 3644 852 3722 praecepit,
876 3649 909 3701 ut
933 3644 963 3701 in
987 3641 1194 3722 qualicumque
1218 3661 1251 3703 re
1274 3643 1325 3702 ad-

151 3759 236 3800 versa
268 3743 462 3818 respiciamus
491 3735 637 3821 εἑτέρους
663 3737 766 3802 ταύτά
793 3736 1080 3822 προσδεχομένους
1108 3735 1241 3813 ἀλύπως
1267 3734 1326 3801 καὶ

153 3833 294 3918 λλαρῶς’,
319 3839 417 3915 pergit
440 3841 484 3898 sio
508 3835 650 3919 (469Α);
675 3834 817 3918 “άγαθὸν
839 3835 957 3899 τοίνυν
980 3832 1016 3898 ἐν
1039 3845 1108 3910 τοῖς
1126 3833 1326 3917 ἀβουλήτοις

152 3931 368 4014 συμπτώμασι
391 3934 473 4015 πρὸς
497 3932 664 4016 εὐθυμίαν
687 3930 803 3996 καὶτὸ
827 3931 870 4014 μὴ
889 3941 1051 4016 παρορᾶν,
1075 3931 1136 3995 ὅσα
1154 3937 1324 4016 προσφιλῆ

150 4026 205 4093 καὶ
229 4027 341 4092 άστελα
364 4027 523 4110 πάρεστιν
545 4029 636 4112 ἡμῖν,
659 4028 743 4094 ἀλλὰ
767 4029 948 4112 μιγνύντας
971 4028 1178 4113 ἐξαμαυροῦν
1201 4030 1241 4092 τά
1259 4033 1325 4114 χεί-

151 4149 232 4208 ρονα
260 4134 329 4199 τοῖς
358 4125 516 4205 βελτίοσά
543 4138 599 4190 etc.
646 4129 757 4189 Eodem
788 4130 873 4190 modo
902 4129 1015 4191 dixerat
1044 4150 1068 4190 c.
1088 4127 1123 4210 5,
1146 4126 1246 4190 dein
1275 4126 1324 4190 ‘ab

241 4340 265 4403 1)
285 4333 319 4388 cf.
339 4335 500 4404 Heinzinm‚
519 4335 537 4390 l.
553 4335 572 4390 l.
591 4352 618 4405 p.
634 4341 696 4390 499.
