2754 4656
612 259 852 322 -128-

145 437 206 524 plu
229 437 344 519 οὕτως,
368 429 467 512 αὖθις
488 432 524 500 dl
543 434 696 519 βέλτιον.
721 472 762 480 -
787 438 941 499 Simillima
961 441 1074 499 ratione
1094 435 1147 499 ‘lle
1167 439 1319 518 tranquill.

146 558 191 600 an.
216 558 240 600 c.
261 535 315 617 to,
334 533 433 598 tlon
457 536 534 596 Plut.
559 536 786 596 exclamationes
810 535 874 595 illas
899 537 1073 614 perstringit
1097 536 1206 615 quihus
1230 536 1319 614 pleri·

147 656 204 715 que
232 636 367 695 homines
396 635 532 694 fortunae
560 635 684 693 iniurias
708 635 866 711 accipiant:
895 629 968 694 ‘cdx
992 628 1034 694 du
1057 628 1166 717 ᾤμην
1191 652 1244 694 seu
1269 630 1319 694 ‘cd

146 728 217 795 ἄλλ’
240 728 389 812 ἤλπιζον
413 750 465 791 seu
491 724 591 792 ‘rude'
616 727 657 790 οὐ
680 726 915 806 προσεδόκων’.

235 830 325 891 Paulo
351 829 428 889 infra
451 825 471 908 ἡ
494 828 590 890 κακία
616 862 657 870 -
682 837 715 888 ut
739 824 791 888 ‘De
813 831 878 890 virt.
896 838 927 888 et
947 825 1006 889 rit’
1031 848 1056 889 c.
1071 827 1105 910 2,
1135 825 1190 889 ‘An
1211 826 1320 891 vitius?

147 949 172 989 c.
193 927 212 990 3
237 937 267 987 et
290 928 409 1006 saepius
434 920 484 1009 (cl.
506 945 532 1004 p.
550 919 639 1008 115),
653 958 694 967 —-
719 934 875 1004 personata
898 927 1051 986 inducitur
1075 926 1121 986 his
1145 926 1258 988 verbis:
1288 923 1320 1006 ‘q

147 1024 244 1087 κακία
262 1016 341 1086 ποτὲ
359 1032 427 1084 τῶν
446 1019 686 1104 ἁμαρτημάτων
705 1018 830 1084 ἐνδῦσα
849 1021 1049 1104 συγγνώμην
1068 1021 1259 1105 πορίζηταιῖ
1276 1059 1319 1066 -—

148 1124 210 1184 Sub
234 1125 338 1201 capitis
358 1123 415 1182 line
435 1130 540 1182 auctor
559 1121 743 1181 demonstrat
763 1120 869 1181 stultos
888 1121 1023 1181 homines
1043 1124 1107 1181 sine
1127 1121 1184 1182 ulla
1205 1126 1320 1183 ratione

149 1222 245 1282 omnia
271 1223 412 1299 arripere,
436 1227 538 1279 contra
563 1221 725 1296 sapientem
750 1221 847 1278 omnia
873 1221 968 1279 lacere
993 1215 1068 1279 ‘uuo
1087 1217 1241 1300 στάθμης
1258 1227 1321 1282 τοῦ

149 1314 272 1397 λόγον’,
301 1307 451 1395 quemad
483 1325 572 1377 totam
602 1319 778 1376 sententiam
807 1318 943 1376 conferre
971 1319 1050 1377 iuvat
1080 1317 1236 1378 voluminis
1265 1314 1320 1377 ‘lle

147 1413 296 1494 tranquill.
316 1408 374 1473 an'
398 1417 492 1493 capita
514 1411 555 1473 12
575 1423 604 1474 et
626 1410 674 1474 13.

235 1512 320 1584 Quod
350 1512 385 1572 ad
415 1513 505 1571 totius
535 1511 601 1571 iibri
629 1529 717 1588 quem
747 1519 907 1572 tractamus
935 1515 1180 1592 compositionem
1204 1517 1321 1596 attinet,

147 1629 380 1674 commemorare
403 1608 490 1669 liceat
514 1608 628 1688 singula
653 1604 844 1688 ‘rinocoruris'
867 1613 1028 1688 specimina
1053 1630 1128 1689 quae
1151 1612 1227 1673 Plut.
1252 1631 1321 1691 pro-

147 1712 205 1771 lert
229 1709 332 1769 eodem
357 1708 419 1767 lere
444 1707 530 1767 modo
555 1709 671 1766 conecti
694 1716 783 1786 atquc
807 1708 837 1765 in
861 1705 936 1768 libro
956 1705 1010 1768 ‘llo
1030 1709 1178 1788 tranquill.
1198 1706 1256 1770 an.'
1277 1714 1321 1771 in-

147 1811 258 1887 scripto
283 1804 396 1884 singula
416 1799 603 1884 ‘renuptae'
623 1803 809 1864 adminicula.
850 1803 891 1864 ct.
916 1824 940 1865 e.
956 1824 982 1883 g.
1006 1826 1030 1866 c.
1046 1803 1067 1867 5
1081 1809 1154 1886 init,
1178 1827 1202 1867 c.
1219 1805 1238 1868 6
1254 1810 1321 1868 init.

148 1901 200 1966 ‘od
229 1904 360 1984 φαῦλον
389 1900 431 1963 ἄν
458 1920 490 1963 τι
517 1905 685 1982 προκοπῆς
714 1903 764 1981 εἴη
788 1898 947 1982 σημεῖον,
975 1922 1000 1964 ο.
1022 1902 1118 1964 linit.
1144 1899 1242 1983 μέγα
1265 1901 1322 1966 καὶ

147 2008 246 2064 τοῦτο
276 2000 411 2081 δῆλωμα
433 2006 542 2061 ..τοῦ
565 1995 784 2080 προκόπτειν,
814 1995 873 2058 c.9
899 2019 925 2078 p.
941 1997 1058 2080 8OBC,
1085 2021 1110 2062 c.
1128 2000 1168 2061 10
1193 2021 1220 2079 p.
1235 2000 1279 2063 80
1290 2002 1322 2085 F,

147 2120 171 2161 c.
193 2100 248 2180 ll,
266 2097 342 2160 8213
372 2093 425 2158 ‘od
449 2098 581 2178 φαῦλον
604 2091 646 2156 ἂν
670 2099 719 2176 εἴη
744 2102 912 2177 προκοπῆς
935 2094 1094 2180 σημεῖον,
1122 2119 1147 2159 ο.
1170 2098 1219 2181 12,
1234 2097 1322 2181 821),

65 2197 67 2201 ’
146 2219 171 2260 ο.
198 2196 239 2258 14
254 2199 318 2256 init.
352 2191 509 2275 ‘politura
542 2199 600 2272 τῆς
632 2200 799 2276 προκοπῆς
832 2192 920 2255 ἴδιόν
953 2191 1068 2276 ἐστιν’,
1105 2216 1130 2256 c.
1155 2193 1210 2278 15,
1234 2194 1322 2278 Set,

145 2317 172 2357 c.
197 2293 234 2357 17
251 2296 315 2355 init.

612 2514 768 2588 CAPVT
796 2515 857 2587 IX.

228 2655 271 2718 De
295 2655 554 2719 commentatione
578 2652 676 2739 Ἥερὶ
699 2662 757 2738 τῆς
779 2653 898 2738 ἠθικῆς
921 2653 1049 2738 ἀρετῆς
1072 2655 1241 2738 inscripta.

234 2818 355 2878 Praeter
388 2818 468 2878 hunc
500 2816 632 2877 libellum
666 2836 754 2896 quem
785 2820 842 2877 iam
871 2820 1074 2879 enarravimus
1103 2818 1320 2881 Chaeronensis

146 2916 311 2976 doctrinam
336 2934 418 2975 suam
444 2915 583 2974 moralem
607 2917 638 2974 in
663 2917 911 2975 commentatione
935 2911 988 2974 ‘Ile
1009 2918 1116 2977 virtute
1137 2913 1252 2978 morali'
1276 2921 1320 2979 in-

147 3015 259 3091 scripta
284 3011 450 3072 illustravit.
487 3011 552 3081 Quo
576 3015 605 3071 in
631 3013 779 3072 volumine
799 3015 972 3073 commiscet
990 3015 1158 3074 Aristotelis
1177 3015 1320 3076 Platonis-

146 3129 204 3190 que
238 3111 416 3189 doctrinam,
449 3118 551 3169 contra
581 3120 710 3171 veterem
738 3109 890 3170 Porticum
919 3112 1111 3172 vehementer¹
1136 3114 1321 3194 aggreditur,

146 3227 216 3287 prae
245 3209 353 3268 ceteris
382 3218 480 3267 autem
510 3209 646 3268 evincere
675 3209 776 3268 studet
799 3209 988 3269 Aristotelem
1013 3219 1043 3269 et
1065 3208 1216 3270 Platonem
1241 3211 1320 3271 haud

146 3305 272 3366 multum
305 3307 385 3364 inter
417 3324 449 3364 se
477 3306 649 3382 dissentire,
683 3309 874 3367 veterrimum
901 3314 1004 3366 contra
1032 3309 1163 3368 omnium
1193 3308 1321 3386 philoso-

146 3404 273 3482 phorum
289 3402 486 3481 Chrysippum
507 3399 642 3484 luisse.¹)
679 3403 739 3464 Nec
760 3423 829 3464 vero
849 3413 950 3464 nostra
970 3406 1096 3464 interest
1111 3404 1320 3466 subtilissimas

145 3502 386 3560 ratiocinationes
418 3500 526 3577 quibus
555 3500 627 3561 haec
656 3500 825 3561 dissertatio
854 3510 947 3561 scatet
975 3504 1144 3562 accuratius
1172 3512 1319 3582 repetere.

235 3597 394 3676 Postquam
423 3606 527 3657 auctor
555 3600 585 3656 ln
613 3601 710 3677 primo
739 3600 834 3676 capite
864 3602 1015 3679 exposuit,
1048 3618 1135 3677 quam
1165 3605 1320 3662 materiam

148 3688 247 3774 l‘arepl
270 3699 327 3773 τῆς
350 3690 471 3774 ῆθικῆς
494 3691 672 3774 λεγομένης
695 3689 839 3777 ἀρετῆς’)
862 3698 892 3755 in
917 3695 973 3757 hoc
998 3699 1110 3776 scripto
1133 3707 1319 3777 pertractare

147 3791 226 3872 velit,
248 3794 279 3850 in
304 3794 399 3870 capite
420 3789 440 3851 2
464 3791 673 3852 nonnullorum
699 3792 941 3871 philosophorum
967 3794 1002 3854 de
1029 3796 1136 3854 virtute
1160 3808 1320 3876 praecepta

146 3897 336 3948 enarrantur:
364 3887 543 3968 Menedemi,
567 3890 712 3949 Aristonis
737 3890 816 3970 Chii,
841 3889 1011 3971 Chrysippi,
1036 3912 1161 3971 quorum
1186 3897 1320 3955 omnium

146 3988 310 4046 sententiae
343 3997 535 4063 respuuntur.
592 3985 630 4046 Et
661 3988 808 4047 Aristonis
842 3989 961 4066 quidem
995 3990 1166 4050 delinitione
1200 3993 1320 4052 virtutis

237 4193 262 4259 1)
285 4190 362 4245 Idem
386 4193 569 4260 comprobare
593 4192 647 4246 sibi
670 4194 870 4262 proposuit-
890 4196 979 4249 multo
998 4196 1125 4264 pluribus
1144 4199 1320 4266 argumentis

76 4277 79 4282 “
146 4269 241 4324 allatis
256 4301 290 4310 —
305 4270 334 4323 in
347 4269 427 4324 libris
440 4270 493 4324 ‘De
508 4273 701 4327 communibus
716 4272 848 4342 notitiis',
865 4273 917 4328 'De
928 4274 1086 4330 Stoicorum
1100 4277 1320 4346 repugnantiis',

141 4347 263 4400 'Stoicos
281 4350 450 4406 absurdiora
466 4353 561 4420 poetis
582 4353 688 4408 dicere'
708 4352 862 4422 inscriptis.
898 4399 900 4405 .
