2754 4656
628 216 847 279 464-

150 394 329 477 hominibus,
349 405 381 456 ut
401 414 527 473 semper,
547 397 572 454 si
591 395 692 456 felices
712 414 777 456 esse
798 396 854 457 sibi
873 397 1038 478 videantur,
1058 398 1240 458 contrariam
1254 416 1322 459 con·

54 574 57 578 Δ
150 494 297 576 dicionem
325 496 356 552 in
380 496 477 553 animo
502 502 638 554 moveant
661 512 838 572 semperque
864 503 1034 574 vereantur,
1062 514 1100 555 ne
1124 514 1161 555 ex
1186 495 1325 555 secundis

152 593 181 650 in
206 593 344 651 adversas
368 609 416 650 res
440 591 585 671 incidant,
609 594 747 669 quoniam
772 578 810 674 ‘qi
835 638 866 652 ..
891 589 1010 653 δίδωσι
1032 588 1115 673 πρὸς
1137 590 1199 672 τὴν
1223 589 1326 673 τύχην

152 685 256 761 ἀδεῶς
283 683 338 750 καί
365 684 515 768 ἀτρόμως
537 685 642 748 εἰπεῖν
665 684 683 748 ὁ
708 688 878 769 λογισμός·
907 685 983 768 ’ἡδὺ
1006 683 1068 770 μὲν
1091 687 1187 752 ἀντι
1212 685 1326 772 φέρῃς,

151 783 267 865 ὀλίγον
300 781 330 847 δ’
359 783 438 866 ἀχος
466 780 508 846 ἀν
536 781 736 866 ἀπολείπῃς’,
769 791 890 846 τοῦτον
917 783 1036 865 ἥδιστα
1065 795 1156 848 ποιεῖ
1180 789 1327 869 χρῆσθαι

150 891 220 956 τοῖς
243 889 387 963 παροῦσι
411 880 447 943 τὸ
470 878 661 963 θαρραλέον
681 877 798 963 καὶμὴ
819 881 929 956 δεδιὸς
948 881 1058 945 αὐτῶν
1075 882 1137 964 τὴν
1156 881 1327 964 ἀποβολὴν

152 981 197 1056 ὡς
220 978 411 1063 ἀφόρητονῖ
450 974 589 1064 (tion.)

231 1080 351 1158 ‘Capitis
378 1077 417 1140 16
447 1081 626 1158 principium
653 1077 782 1139 dilucide
805 1081 930 1158 respicit
953 1079 989 1139 ad
1013 1082 1118 1160 capitis
1144 1078 1185 1141 14
1210 1082 1328 1141 initium
1368 1124 1370 1129 -

151 1171 190 1259 (c.
218 1176 257 1240 16
292 1173 387 1237 ‘dices
419 1173 548 1237 τούτων
581 1170 748 1237 ἑκάστου
781 1175 950 1256 σπέρματα
982 1184 1058 1237 τῶν
1084 1179 1224 1238 παθῶν
1252 1173 1328 1238 ἀνα·
1368 1196 1370 1205 ·

152 1271 348 1356 κεκραμένα
373 1308 414 1315 —
440 1293 465 1334 c.
487 1271 528 1334 14
552 1269 628 1334 ‘brt
654 1267 683 1332 δ’
708 1269 872 1347 ἕκαστος
895 1269 932 1335 ἐν
955 1269 1060 1358 ἑαυτῷ
1084 1272 1124 1335 τά
1146 1281 1204 1355 τῆς
1228 1271 1329 1336 εὐθυ-

151 1372 227 1453 μίας
259 1367 313 1433 nat
345 1377 403 1452 τῆς
436 1369 628 1451 δυσθυμίας
658 1369 724 1451 ἔχει
753 1379 882 1452 ταμιεῖα
1002 1370 1039 1432 αἱ
1065 1367 1227 1453 διαφοραὶ
1254 1380 1329 1451 τῶν

149 1472 288 1531 παθῶν
309 1464 507 1549 δηλοῦσιν).
546 1468 698 1528 Sententia
719 1480 764 1528 est
782 1468 868 1529 haec:
890 1469 967 1530 bona
987 1481 1017 1530 et
1036 1471 1110 1531 mala
1129 1489 1189 1531 non
1209 1470 1327 1531 aliunde

149 1567 235 1627 nobis
259 1566 405 1646 accidunt,
430 1567 481 1625 sed
506 1565 648 1626 iudicium
674 1566 710 1625 de
735 1568 778 1625 eis
802 1565 951 1626 nobismet
974 1569 1048 1645 ipsis
1072 1568 1255 1628 destinatum
1275 1576 1328 1628 est.

149 1664 210 1724 Nec
234 1683 303 1723 vero
327 1663 416 1723 verba
440 1681 515 1740 quae
539 1665 569 1722 in
594 1665 690 1741 capite
710 1661 752 1724 16
777 1674 946 1742 sequuntur
966 1659 1105 1744 ‘elixatur
1124 1657 1186 1744 plo
1205 1659 1224 1725 ὁ
1242 1670 1329 1726 νοῦν

149 1760 234 1841 ἔχων
262 1759 301 1821 τά
327 1759 495 1841 βελτίονα,
523 1757 694 1843 προσδοκᾷ
719 1753 755 1821 δὲ
778 1755 833 1822 καὶ
856 1757 998 1841 θάτερα,
1026 1767 1143 1844 χρῆται
1167 1751 1195 1822 δ’
1220 1757 1328 1842 ἀμφο-

149 1855 272 1940 τέροις,
299 1856 337 1919 τὸ
365 1856 450 1938 ἀμαυ
478 1854 643 1939 ἀφαιρῶν’
672 1868 739 1936 apte
771 1859 909 1919 cumbis
933 1859 1198 1920 deliberationibus
1223 1861 1327 1921 cohae-

149 1967 230 2037 rent3
253 1975 320 2016 nam
345 1959 375 2016 in
397 1955 643 2016 antecedentibus
664 1955 868 2034 exponebatur
888 1975 1007 2035 semper
1025 1957 1196 2018 hominibus
1216 1958 1328 2037 aliquid

150 2053 220 2114 boni
244 2055 392 2133 reliquum
417 2073 491 2133 esse,
517 2056 633 2114 etiarnsi
656 2054 852 2114 infelicissimi
877 2055 1045 2135 rideantur3
1074 2058 1130 2115 iam
1154 2054 1232 2115 Plut.
1256 2058 1328 2117 satis

150 2152 275 2230 abrupte
308 2152 343 2212 ad
377 2154 560 2213 contrariom
594 2151 814 2230 transgreditur
846 2150 1017 2214 hominibus
1050 2153 1192 2232 suadens,
1225 2155 1271 2213 uti
1298 2155 1328 2213 in

148 2249 234 2310 beata
258 2248 433 2309 condicione
456 2257 609 2309 versantes
634 2248 709 2309 mala
734 2268 808 2328 quae
834 2251 1007 2311 immineant
1027 2269 1188 2329 numquam
1208 2250 1327 2313 oblivis·

150 2354 256 2407 cantur
283 2365 460 2426 semperque
490 2349 625 2427 timeant,
654 2365 691 2406 ne
720 2365 755 2406 ex
782 2347 858 2407 bona
882 2350 913 2408 in
938 2359 1056 2427 turpem
1080 2351 1156 2408 vitae
1180 2351 1328 2409 rationem

149 2445 290 2505 incidant.

237 2546 373 2603 Attamen
401 2543 450 2604 hic
479 2562 574 2603 novus
602 2559 734 2604 conexus
758 2546 973 2604 sententiarum
996 2563 1056 2604 non
1079 2563 1204 2623 prorsus
1228 2544 1328 2605 obstat

149 2640 300 2719 prioribus
323 2640 613 2721 ratiocinationibus3
640 2642 730 2700 immo
754 2640 835 2701 iilum
859 2640 999 2720 detegere
1023 2660 1182 2721 possumus
1206 2660 1265 2720 quo
1291 2642 1326 2702 ad

150 2757 184 2798 ea
207 2757 283 2817 quae
307 2738 488 2799 antecedunt
511 2738 630 2798 adnecti
652 2748 759 2818 potest.

238 2835 336 2896 Habes
368 2839 446 2897 enim
480 2835 658 2896 simillimam
691 2837 900 2914 cogitationem
933 2839 990 2897 iam
1023 2840 1055 2897 in
1082 2840 1179 2916 capite
1208 2834 1227 2897 9
1258 2845 1327 2898 ante

150 2933 292 2994 Arcesilai
315 2937 502 2994 enuntiatum
531 2933 583 2993 ubi
611 2934 746 2994 conleras
776 2933 861 2994 baec:
890 2929 986 2995 ‘aare
1013 2938 1159 3017 χρῆσθαι
1184 2930 1327 3015 μάλιστα

151 3025 235 3113 (δεῖ)
265 3025 318 3092 ἐπὶ
345 3028 390 3114 τῷ
417 3031 546 3114 χαίρειν
569 3025 624 3092 καὶ
647 3026 829 3093 ἀπολαύειν
852 3027 979 3111 αὐτῶν,
1007 3029 1064 3092 ἴνα
1086 3027 1141 3094 καὶ
1164 3030 1222 3104 τάς
1247 3028 1326 3094 ἀπο-

149 3126 265 3208 βολάς,
293 3123 335 3189 ἀν
364 3125 632 3210 συντυγχάνωσι,
660 3127 846 3209 πραότερον
870 3124 1046 3210 φερόμεν’,
1075 3139 1105 3190 et
1128 3129 1215 3208 paulo
1239 3139 1325 3191 antea

149 3226 274 3305 legimus
299 3229 329 3286 in
354 3227 457 3287 eodem
482 3229 591 3306 capite:
616 3220 707 3287 ‘oaldi
731 3224 785 3286 δεῖ
805 3229 948 3288 κτάσθαι
971 3220 1032 3307 μὲν
1055 3224 1100 3300 ὡς
1123 3224 1249 3307 μεγάλα
1270 3223 1327 3289 καὶ

149 3320 281 3405 τρέμειν
313 3319 362 3385 ἀεὶ
397 3322 593 3404 δεδιότας,
626 3321 671 3397 ὡς
702 3317 785 3406 ὑπὲρ
805 3321 985 3404 μεγάλων,
1020 3323 1063 3405 μὴ
1097 3327 1325 3407 στερηθῶμεν,

150 3421 281 3503 ἔχοντες
305 3414 341 3483 δὲ
364 3427 543 3504 παρορᾶν
567 3415 619 3505 (ci.
643 3441 668 3482 c.
688 3419 722 3503 83
746 3441 771 3482 c.
792 3415 849 3505 14)
872 3417 927 3505 παλ
950 3431 1174 3503 καταφρονεῖν
1197 3420 1243 3495 ὡς
1265 3443 1326 3503 μη-

151 3517 246 3592 δενὸς
272 3514 397 3598 ἀξίων,
426 3522 474 3580 cui
498 3521 662 3579 sententiae
687 3537 775 3598 qnam
799 3521 951 3597 aptissime
975 3519 1157 3597 respondent
1180 3519 1253 3580 haec
1277 3538 1327 3579 oa-

150 3619 220 3697 pitis
245 3614 286 3678 16
316 3616 417 3677 verba:
447 3612 577 3677 ‘todeca
605 3613 723 3695 ἥδιστα
750 3625 842 3678 ποιεῖ
864 3620 1038 3696 χρῆσθαι
1062 3624 1131 3689 τοῖς
1152 3622 1326 3695 παροῦσι

149 3713 187 3775 τὸ
210 3709 400 3796 θαρραλέον
422 3707 477 3775 καὶ
501 3711 544 3794 μὴ
569 3710 704 3786 δεδιὸς
727 3710 837 3775 αὐτῶν
859 3712 930 3793 τὴν
949 3709 1178 3794 ἀποβολήν’,
1203 3714 1325 3794 quibus·

151 3831 218 3873 cum
252 3815 359 3873 iterum
394 3811 530 3872 conferre
559 3812 629 3871 licet
657 3809 721 3872 c.9
751 3811 803 3872 ubi
830 3811 903 3872 haec
932 3821 1049 3872 exstant
1076 3815 1134 3871 iam
1163 3815 1325 3893 exscripta:

151 3904 246 3970 ‘dard
268 3911 443 3991 χρῆσθαι
469 3905 609 3988 μάλιστα
633 3904 686 3970 ἐπὶ
707 3915 753 3993 τῷ
777 3908 905 3991 χαίρειν
927 3904 983 3970 καὶ
1002 3905 1183 3970 ἀπολαύειν
1202 3905 1324 3985 αὐτῶν,

150 4003 206 4067 ἵνα
224 4001 279 4068 καὶ
294 4004 362 4080 τάς
375 4002 592 4086 ἀποβολάς,
611 4004 653 4068 ἀν
668 4004 931 4087 συντυγχάνωσι,
949 4006 1135 4089 πραότερον
1150 4003 1324 4090 φερόμεν’.

240 4103 318 4164 llaec
342 4122 413 4181 ergo
439 4103 500 4163 iere
524 4104 641 4165 videtur
664 4103 816 4165 Plutarchi
840 4106 999 4165 sententia:
1023 4108 1048 4164 si
1071 4104 1173 4164 infelix
1196 4107 1273 4166 forte
1292 4124 1325 4165 es

152 4203 342 4262 reminiscere
371 4201 441 4262 boni
463 4205 630 4285 praeteriti,
659 4204 703 4262 uti
727 4202 824 4262 denuo
848 4205 931 4262 etin
954 4211 1133 4282 perpetuum
1157 4222 1191 4262 eo
1216 4205 1325 4263 fruaris

152 4308 299 4378 tamqnam
328 4302 442 4360 recenti
469 4293 693 4380 praesentique;
721 4308 825 4360 contra
853 4302 880 4359 si
907 4300 976 4360 felix
1005 4299 1059 4361 tibi
1086 4301 1194 4360 videris
1218 4303 1323 4379 cogita,
