2754 4656
536 305 753 367 ..73-

55 482 96 544 τὰ
119 489 177 563 τῆς
195 489 302 566 ψυχῆς
322 481 593 565 διαγριαινόμενα
611 488 819 545 καταπαῦσαι
838 479 962 565 ῥᾳδίως
981 481 1042 545 οὐκ
1060 479 1204 561 ἒστιν,’“
1186 505 1227 544 αν

55 580 100 662 μὴ
131 581 225 661 λόγοι
252 581 459 660 τιαοόντεςο
461 580 559 644 luston
586 576 640 642 καὶ
669 581 828 662 συνήθεις
851 576 1138 661 ἐπιλαμβάνωνται
1162 589 1228 642 τῶν

56 675 330 760 ταραττομένων]

147 778 352 839 Plutarcbi⁰
323 780 415 858 igitur
439 797 474 838 ex
499 781 645 839 sententia
669 781 757 838 etiam
781 780 943 838 amicorum
966 777 1183 839 consolationes
1202 787 1232 838 et

57 877 280 937 adhortationes
303 877 412 956 aliquid
438 877 534 937 valent
558 878 591 937 ad
617 875 861 954 tranquillitatem
884 878 982 936 animo
1007 876 1179 956 parandam,
1206 877 1232 935 si

58 976 135 1035 torte
168 975 339 1036 infortuniis
372 976 533 1054 cingimur,
567 977 611 1034 uti
643 974 677 1034 ad
708 976 765 1034 tria
792 969 956 1053 εὐθυμίας
985 974 1112 1035 remedia
1142 991 1232 1051 supra

58 1072 182 1133 enodata
207 1080 346 1150 quartum
370 1072 498 1152 accedat,
522 1072 619 1150 quode
643 1072 719 1131 inira
743 1074 911 1132 accuratius
935 1074 993 1131 erit
1016 1070 1231 1132 disserendum.

148 1169 208 1229 lam
234 1171 324 1230 totins
346 1172 602 1230 commentationis
621 1162 708 1249 <περὶ
727 1165 902 1249 εὐθνμίας’
922 1172 1083 1248 inscriptae
1102 1168 1231 1228 indolem
1318 1231 1320 1234 Α

58 1267 226 1346 explicandi
254 1274 372 1345 tempus
401 1267 528 1348 videtur,
557 1277 590 1328 ut
619 1269 715 1327 omnia
740 1286 815 1346 quae
840 1269 1031 1347 exposuimus
1055 1285 1142 1345 quam
1167 1265 1232 1325 bre·

58 1368 180 1425 vissime
204 1365 499 1445 comprehendamus.

148 1462 204 1523 Hic
232 1464 295 1524 iere
324 1472 369 1523 est
397 1465 544 1540 genuinus
569 1472 794 1542 praeceptorum
817 1464 903 1524 ordo:
933 1467 963 1523 in
987 1465 1118 1524 adversis
1142 1461 1232 1522 rebus

58 1561 163 1640 collige
192 1570 338 1641 quotquot
367 1561 512 1620 bonorum
541 1561 679 1638 indagare
708 1568 792 1639 potes
818 1562 959 1640 malisque
983 1562 1112 1622 admisce
1138 1553 1177 1642 (c.
1198 1557 1232 1640 53

59 1653 328 1742 6¹38314315),
355 1666 457 1718 contra
480 1660 510 1718 iu
535 1658 626 1718 rebus
650 1659 790 1719 secundis
815 1662 1005 1719 reminiscere
1030 1657 1232 1738 periculorum

59 1776 136 1836 quae
169 1757 223 1817 tibi
256 1775 373 1835 semper
406 1750 476 1816 lere'
500 1758 656 1816 imminent
684 1748 723 1838 (c.
743 1754 777 1837 95
801 1750 867 1839 16);
901 1775 967 1817 nam
999 1758 1108 1818 stultus
1137 1754 1232 1816 solum

59 1856 148 1916 homo
177 1855 354 1934 supersedet
377 1857 464 1915 etiam
489 1853 605 1914 acerbis
629 1861 659 1914 et
681 1853 852 1914 iniucundis
876 1853 1104 1930 cogitationibus
1128 1870 1160 1913 se
1185 1852 1233 1912 de·

60 1953 141 2032 dere,
160 1971 228 2012 cum
249 1970 365 2030 semper
384 1951 509 2012 delicato
530 1954 677 2029 inertique
697 1954 756 2011 otio
777 1951 879 2011 truens
899 1950 1038 2011 suavibus
1060 1951 1232 2011 mollibusre

58 2049 153 2111 rebus
185 2048 349 2129 incumbat,
382 2059 484 2110 contra
518 2053 634 2128 sapiens
666 2051 766 2129 quieto
795 2050 892 2109 animo
921 2051 1009 2109 etiam
1037 2053 1232 2127 pessimarum

59 2146 260 2207 calamitatum
289 2148 461 2206 memoriam
489 2155 571 2207 tenet
600 2157 629 2207 et
657 2150 688 2207 in
712 2147 776 2207 dies
799 2149 894 2226 magis
918 2147 975 2208 sihi
999 2146 1160 2226 persuadet
1184 2163 1232 2205 eas

60 2246 187 2305 maxima
216 2264 251 2305 ex
277 2253 361 2324 parte
385 2243 459 2304 mala
483 2263 547 2305 esse
574 2264 630 2305 non
654 2241 770 2326 φύσει,
800 2245 850 2304 sed
875 2265 965 2323 pravo
989 2253 1090 2306 nostro
1114 2244 1234 2304 iudicio.

62 2336 103 2426 (c.
126 2339 177 2422 18,
195 2339 403 2421 4761)-19,
422 2339 536 2423 47611,
560 2362 587 2404 c.
609 2343 646 2406 17
663 2337 902 2425 init-4750)

152 2441 189 2500 ht
215 2439 414 2520 velaveris,
443 2457 501 2500 non
526 2441 620 2501 solum
645 2460 661 2500 a
685 2443 763 2501 fictis
786 2441 981 2500 incommodis
1005 2440 1092 2501 homo
1117 2443 1232 2518 sapiens

60 2547 147 2600 tutus
174 2546 233 2618 est,
260 2541 398 2616 quoniam
427 2537 546 2598 fortuna
571 2538 642 2598 nibil
666 2541 694 2598 ei
717 2534 825 2599 noc'ere
849 2546 947 2616 potest
971 2531 1011 2620 (c.
1033 2531 1102 2620 lt);
1131 2539 1233 2598 firmus

61 2638 143 2696 enim
167 2644 264 2696 estet
288 2638 421 2695 munitus
445 2643 547 2695 contra
572 2655 676 2696 omnes
699 2655 799 2715 casus,
823 2655 890 2697 cum
915 2638 943 2695 ei
967 2645 1083 2713 praesto
1108 2637 1180 2695 sint:

155 2727 189 2816 1)
217 2735 346 2812 cognitio
372 2741 494 2792 naturae
519 2733 663 2793 humanae
687 2737 839 2811 totiusque
864 2733 966 2794 mundi
989 2751 1044 2793 nec
1068 2751 1126 2793 non
1150 2751 1234 2792 mens

61 2831 156 2892 libera
184 2850 199 2891 a
227 2834 332 2891 mortis
361 2833 474 2890 timore.
513 2825 553 2914 (c.
575 2825 643 2913 17²3
673 2824 973 2914 18-4lb'Cmed.)
1019 2824 1054 2914 2)
1084 2833 1177 2891 virtus
1205 2837 1235 2889 et

63 2930 139 2990 bona
168 2930 348 2989 conscientia
373 2930 547 3006 animusque
573 2947 682 2990 vacuus
707 2949 722 2990 a
746 2931 943 3008 paenitentiae
968 2930 1103 2989 cruciatu
1127 2921 1165 3012 (c.
1183 2925 1233 3009 17,

62 3023 193 3088 cinon
218 3034 248 3086 ot
271 3018 567 3109 c.19,476rsq.);
590 3046 649 3105 quo
673 3028 830 3088 accedunt:

154 3117 189 3208 3)
214 3124 327 3184 modica
351 3131 381 3183 et
403 3131 565 3201 temperata
591 3125 706 3185 vivendi
730 3127 914 3185 consuetudo
935 3119 974 3209 (o.
999 3124 1046 3206 ll,
1065 3124 1130 3188 476
1141 3119 1178 3208 Α)
1203 3134 1231 3185 et

63 3217 99 3304 4)
125 3224 287 3282 amicorum
312 3221 470 3282 benevolae
495 3221 719 3282 consolationes.
759 3216 798 3306 (o.
822 3222 903 3283 tfin.
927 3231 956 3284 et
980 3216 1145 3305 c20s1n.)

153 3317 268 3390 Quibus
301 3337 335 3378 ex
366 3319 641 3380 ratiocinationibus
669 3319 857 3381 concluditur
885 3323 1047 3399 sapientem
1078 3319 1235 3399 diligenter

64 3428 94 3476 et
118 3416 217 3476 divino
241 3416 367 3494 quodam
392 3418 499 3494 spiritu
523 3417 657 3478 inflatum
682 3419 737 3478 ista
761 3426 918 3497 praecepta
941 3421 972 3478 in
994 3420 1123 3478 minimis
1142 3435 1234 3496 aeque

63 3524 152 3592 atque
184 3516 215 3573 in
247 3515 381 3573 maximis
411 3513 502 3574 rebus
530 3524 704 3594 sequentem
734 3516 821 3577 hilari
848 3517 906 3577 frui
933 3516 1044 3576 laetitia
1072 3524 1102 3575 et
1130 3515 1235 3575 enthu-

64 3613 172 3672 siasmo
196 3629 250 3689 per
269 3618 364 3671 totum
385 3613 460 3671 vitae
480 3614 608 3689 spatium
628 3609 666 3693 (c.
683 3610 734 3695 19,
748 3612 847 3675 4771}
867 3624 896 3674 et
915 3633 939 3674 c.
956 3611 1007 3694 18,
1021 3611 1120 3674 4760
1136 3607 1236 3694 med),

64 3726 121 3788 qua
150 3710 265 3768 ratione
294 3707 570 3770 dissertatiunculae
598 3730 613 3770 a
638 3710 797 3771 Plutarcho
825 3729 982 3789 expressae
1006 3712 1144 3790 egregius
1168 3711 1235 3771 sinis

64 3804 257 3888 efficiebatur.
452 3888 453 3891 Ἴ

153 3902 191 3962 at
228 3911 340 3964 restant
377 3902 518 3964 nonnulla
555 3905 650 3983 capita
688 3924 764 3983 quae
797 3897 932 3965 'nondum
965 3905 1123 3966 distributa
1157 3915 1235 3968 sunt.

65 4001 105 4063 dc
131 4002 262 4080 primum
285 4001 405 4081 quidem
429 4010 518 4080 caput
542 4034 584 4046 -·
609 4004 741 4080 exceptis
765 4001 876 4062 ultimis
900 4002 998 4063 verbis
1020 4035 1065 4045 -
1088 4013 1122 4064 ut
1144 4008 1235 4066 totius

63 4099 156 4159 libelli
179 4098 322 4177 praelatio
345 4099 503 4160 Plutarcho
527 4100 598 4179 ipsi,
621 4100 652 4159 ni
676 4099 773 4178 fallor,
797 4100 938 4161 vindicari
962 4109 1067 4178 potest.

154 4195 185 4256 C.
214 4194 339 4257 alterum
368 4215 426 4274 quo
455 4191 486 4275 q
515 4191 662 4278 εὐθνμια
688 4200 733 4282 τῷ
761 4192 867 4280 ucbd'
894 4204 929 4258 et
945 4192 1010 4279 τῷ
1033 4194 1166 4272 utu-qqdp
1199 4199 1253 4250 ns·

61 4295 165 4352 dcitur
183 4291 352 4369 perborum
379 4293 451 4356 mihi
476 4295 600 4358 videtur
624 4298 817 4379 principium
841 4293 1066 4356 commentam
1078 4287 1175 4345 'xb'xus
1191 4296 1295 4353 susm

50 4387 270 4449 Chaeronensis
293 4389 444 4459 adhibuit.
492 4397 534 4460 At
556 4397 642 4462 hanc
669 4401 901 4482 quaestionem
922 4389 1074 4452 omnium
1089 4381 1167 4436 texe
1182 4368 1323 4429 husim·
