2754 4656
532 225 751 288 ..77-

239 396 353 464 ‘oridia
376 398 547 476 πέπονθας
570 401 697 480 δεινόν,
722 399 764 463 ἀν
786 401 830 483 μὴ
854 389 1047 483 προσποιῇ’,

52 545 88 607 τί
119 544 183 624 γάρ
210 542 293 623 πρὸς
321 540 361 606 σέ
386 540 471 625 ἐστι,
505 544 624 625 φησίν,
657 539 698 604 ἀν
726 544 806 624 μήτε
834 543 955 623 σαρκὸς
982 541 1121 624 ἀπτηται
1148 542 1228 623 μήτε

52 639 185 723 doxis?
221 662 296 722 quae
327 646 424 702 omnia
453 644 521 702 inde
550 662 564 702 a
595 662 664 703 voce
693 638 817 703 (οὐδέν’
845 644 998 703 Menandri
1026 661 1092 703 esse
1121 645 1229 703 unicus

55 742 253 802 Bernardaliis
286 748 367 801 recte
398 743 550 820 perspexit
578 774 619 782 -
651 742 882 818 fragmentorum
911 751 1013 802 contra
1042 741 1171 801 editores
1199 748 1229 800 et

54 838 243 899 Gloseckium
277 839 364 919 lugit;
396 837 574 898 Menandvea
608 841 698 916 igitur
729 847 788 898 tota
817 842 962 899 sententia
991 846 1037 898 est
1064 838 1228 899 secundnm

54 956 144 1015 quam
168 937 240 996 nihil
264 954 318 1015 pro
342 936 417 996 malo
437 936 606 996 habendum
625 946 670 996 est
689 936 766 1014 quod
788 955 842 996 nec
862 955 971 1014 corpus
991 938 1083 1014 tangit
1102 936 1229 996 hominis

54 1053 110 1095 neo
134 1053 274 1094 animum.

146 1149 273 1209 Eosdem
298 1151 387 1210 huius
411 1152 514 1209 comici
537 1168 641 1210 versus
661 1150 736 1210 Plut.
756 1152 843 1210 etiam
864 1145 916 1209 ‘lle
937 1146 1036 1209 oxilio'
1055 1169 1080 1210 c.
1099 1149 1125 1229 l,
1149 1150 1228 1228 quod

55 1255 147 1326 caput
176 1259 235 1307 tam
263 1256 344 1307 arcte
371 1249 542 1326 conspirare
566 1267 633 1308 curn
658 1247 725 1306 libri
749 1242 802 1307 ‘lle
823 1247 970 1326 tranquill.
989 1243 1047 1308 an.’
1072 1245 1228 1327 capitoli

54 1349 112 1406 iam
138 1345 279 1425 vidimuS,
307 1346 392 1405 alleri
415 1354 445 1405 et
468 1345 556 1423 paulo
580 1347 730 1424 copiosius
754 1345 897 1424 illustrat,
923 1346 1010 1405 etad
1036 1344 1228 1405 Menandrum

56 1443 134 1503 lorte
161 1445 250 1503 etiam
275 1443 352 1503 redit
380 1443 458 1520 quod
489 1439 540 1502 ‘coi
563 1437 748 1522 πράγματα’
777 1451 808 1502 et
836 1438 865 1503 ’ὁ
889 1439 999 1520 λόγος’
1023 1445 1108 1521 quasi
1131 1461 1229 1521 perso-

57 1550 123 1600 nata
154 1543 183 1600 in
213 1540 365 1619 publicum
393 1540 542 1619 prodeunt
570 1549 599 1600 et
627 1558 696 1600 caro
725 1543 900 1619 animusque
929 1543 985 1618 ipsi
1009 1542 1231 1618 interrogantur

57 1639 201 1718 numquid
237 1638 303 1698 mali
333 1640 515 1717 acceperint3
549 1640 646 1696 Aristo
680 1638 798 1698 Stoicus
832 1640 880 1697 cui
913 1637 1056 1698 Gieseolve
1088 1632 1130 1718 (p.
1153 1631 1230 1720 111)

57 1736 132 1795 haec
165 1737 261 1795 omnia
296 1737 445 1812 assignare
479 1735 579 1795 studet
607 1737 662 1795 ista
690 1743 856 1795 commenta
885 1737 948 1794 sine
977 1734 1066 1794 dubio
1096 1752 1154 1794 non
1182 1753 1230 1794 ex-

57 1835 206 1912 cogitavit.
231 1866 274 1875 —
296 1833 390 1892 Porro
415 1833 642 1913 animadvertas,
670 1851 793 1914 quaeso,
821 1831 1058 1892 Chaeronensem
1082 1842 1161 1892 certa
1186 1850 1231 1892 ra-

57 1934 140 1990 tione
173 1930 219 1990 his
252 1931 387 1990 versibus
416 1930 603 1990 Menandreis
631 1949 750 2008 operam
779 1931 849 1990 dare
878 1939 911 1991 ut
939 1932 1031 1990 totins
1059 1933 1164 2009 capitis
1191 1928 1229 1990 17

55 2029 188 2089 indolem
226 2031 314 2088 etiam
347 2025 404 2088 ‘lle
434 2023 537 2088 exilio'
566 2048 590 2088 c.
617 2026 632 2089 1
673 2029 859 2108 comprobet,
897 2047 964 2088 cum
1004 2037 1131 2106 utroque
1165 2029 1229 2088 loco

56 2128 175 2186 evincat
202 2126 359 2204 plerasque
388 2125 569 2186 calamitates
597 2144 655 2185 vion
684 2121 808 2205 ‘mdccc'
839 2126 888 2186 sed
919 2121 1021 2206 ‘ticin’
1047 2125 1120 2185 mala
1145 2125 1231 2185 nohis

57 2225 168 2304 videri,
196 2232 226 2283 et
254 2225 298 2282 uti
323 2220 376 2282 ‘lle
400 2219 499 2283 exilio'
528 2242 552 2283 c.
579 2223 594 2284 1
626 2219 674 2284 ‘cd
703 2225 880 2286 λυπεῖσθαι
908 2217 962 2285 καὶ
990 2220 1026 2283 τὸ
1052 2229 1230 2284 ταπεινοῦν

60 2315 194 2382 ἑαυτόν’
223 2331 375 2398 nuncupat.
402 2316 614 2400 ’γιγνόμενον
636 2328 756 2394 κενῶς
778 2316 833 2382 καὶ
856 2316 1014 2400 ἀνοήτως
1039 2323 1082 2380 sic
1106 2321 1230 2381 similem

57 2421 90 2477 in
116 2418 237 2478 modum
261 2413 314 2476 ‘ne
334 2417 482 2497 tranquill.
503 2415 685 2479 εο.”181“ιιι.
712 2438 797 2479 voces
820 2415 869 2479 ‘cd
892 2413 1159 2498 κατεψευσμένον
1177 2413 1232 2479 καὶ

57 2513 80 2576 δ
87 2510 263 2577 ιάκενον’
287 2533 440 2592 usurpare.

149 2633 186 2691 Αι
205 2619 390 2691 transeamus
410 2631 445 2690 ad
466 2631 676 2692 consolationis
694 2628 747 2692 ‘lle
767 2630 867 2693 exilio'
887 2652 912 2692 c.
927 2630 956 2713 2,
980 2633 1032 2692 ubi
1051 2632 1125 2693 Plut.
1146 2653 1231 2694 accu-
1293 2690 1295 2696 s

58 2732 154 2789 ratius
187 2728 380 2808 comprobare
409 2729 508 2789 studet
536 2730 681 2808 permulta
711 2725 957 2809 ‘connominato'
987 2748 1045 2790 non
1074 2732 1130 2790 nisi
1160 2748 1230 2790 vana

58 2829 230 2906 opinatione
260 2827 333 2886 mala
363 2827 448 2886 nobis
476 2827 583 2907 videri,
616 2828 644 2887 id
674 2828 766 2907 quod,
800 2846 866 2887 cum
896 2827 1083 2887 Gieseckium
1114 2828 1231 2907 ingerit,

59 2927 165 3004 paucis
191 2927 374 3002 perscrutari
398 2943 473 3002 opus
496 2935 549 2984 est.
592 2921 644 2984 ‘ne
665 2925 813 3003 tranquill.
833 2921 890 2985 an’
914 2944 938 2986 c.
958 2923 995 2986 17
1021 2928 1098 2984 inter
1122 2929 1230 2985 incom-

60 3023 147 3082 moda
172 3041 247 3100 qvvae
272 3022 344 3082 nitnl
368 3022 464 3080 valent
488 3022 524 3081 ad
549 3022 759 3083 beatitudinem
784 3023 940 3083 tollendam
960 3025 1127 3082 invenimus
1146 3023 1231 3084 haec:

31 3142 37 3152 ·
60 3115 238 3197 δυσγένεια
261 3119 398 3195 πατρός,
427 3120 556 3198 μοιχεία
579 3119 750 3198 γυναικός,
774 3116 973 3198 στεφάνου
996 3118 1086 3192 τινὸς
1109 3116 1128 3198 ἢ
1152 3140 1231 3197 προ-

58 3217 174 3293 εδρίας
198 3214 372 3297 ἀφαίρεσις
393 3251 431 3259 —
456 3227 557 3277 contra
582 3216 677 3278 νόσοι
699 3212 753 3279 καὶ
772 3217 870 3278 πόνοι
888 3210 942 3278 καὶ
961 3214 1104 3277 θάνατοι
1123 3217 1231 3296 φίλων

60 3309 116 3376 καὶ
139 3309 274 3392 τέκνων,
298 3310 365 3393 quo
381 3315 495 3375 accedit
519 3334 554 3375 ex
578 3317 682 3394 capitis
703 3313 744 3377 18
761 3318 817 3375 tine
841 3313 944 3394 φυγή,
965 3327 1167 3392 agnoscuntur
1188 3319 1231 3375 uti

59 3409 197 3492 ‘inridet
223 3411 386 3474 δοκοῦντα
414 3408 556 3473 λυπείν’.
603 3413 662 3473 lam
686 3415 853 3473 evolvamus
877 3409 930 3471 ‘lle
950 3409 1048 3472 exilio’
1073 3432 1097 3472 c.
1118 3410 1150 3493 2,
1180 3412 1231 3473 ubi

60 3511 206 3570 habemus
233 3507 342 3589 φυγάς
369 3505 421 3570 καὶ
451 3505 586 3583 ἀδοξίας
613 3505 664 3592 (cl.
693 3505 746 3570 ‘lle
774 3511 923 3590 tranquill,
951 3505 1023 3570 an':
1056 3505 1231 3588 δυσγένεια

60 3601 201 3691 πατρός)
225 3607 279 3669 καὶ
301 3615 405 3687 τιμῶν
425 3603 601 3686 ἀποβολάς,
625 3607 733 3688 (μιάνειε
754 3609 836 3668 malis
855 3608 930 3667 Plut.
950 3610 1073 3686 opponit
1092 3605 1231 3687 στεφά-

59 3725 158 3777 νους
177 3703 228 3786 (cl.
249 3702 301 3766 ‘lle
322 3705 470 3785 tranquill.
485 3700 557 3767 an':
579 3703 836 3783 στεφάνου
852 3701 1038 3784 ἀφαίρεσις)
1057 3699 1112 3764 καὶ
1130 3701 1231 3786 ἀρχάς

58 3797 115 3864 καὶ
135 3801 363 3883 προεδρίας,
385 3806 432 3863 cui
454 3803 572 3862 ultimae
592 3805 656 3862 voci
675 3799 728 3862 ‘lle
749 3803 896 3881 tranquill.
912 3797 968 3862 an?
989 3802 1006 3861 l.
1021 3802 1039 3861 l.
1059 3806 1165 3862 iterum
1186 3823 1231 3863 ve·

60 3900 190 3980 spondet
213 3919 300 3979 quam
324 3899 449 3960 maxime
473 3895 686 3979 προεδρίας
709 3896 891 3982 ἀφαίρεσις.

153 4015 214 4075 Nec
246 4014 363 4074 silentio
395 4018 558 4093 praeterire
591 4015 660 4076 licet
694 4017 771 4095 quod
806 4017 894 4076 simili
927 4019 1039 4075 vatione
1069 4025 1173 4075 auctor
1200 4019 1229 4076 iu

62 4123 192 4192 utroque
216 4111 291 4171 libro
315 4114 555 4172 ratiocinationes
579 4131 648 4174 snas
672 4113 807 4174 versibus
830 4113 999 4192 Euripideis
1022 4113 1179 4190 amplificat
1202 4122 1233 4173 et
1311 4182 1313 4184 ,

61 4219 201 4288 exornat3
231 4219 260 4268 et
288 4227 355 4269 cum
380 4204 433 4269 ‘lle
457 4207 555 4271 exilio'
581 4209 645 4273 οἳ
676 4214 800 4292 evucurt
824 4221 971 4271 nostrum
994 4226 1066 4267 esse
1092 4207 1172 4279 onim
1194 4222 1258 4274 nvo

53 4307 187 4368 iucundo
206 4307 338 4386 quidque
355 4327 412 4388 pro
432 4311 606 4374 iniucundo
624 4311 744 4374 halvere
758 4311 896 4373 velimus
907 4287 1289 4389 anonlmlffifll'
