2754 4656
570 210 789 272 ..55-

184 391 261 451 llaec
281 392 387 471 omnia,
407 390 503 469 quoad
522 390 558 450 ad
578 391 652 459 vitas
669 392 830 468 pertinent,
849 392 905 450 iam
927 409 1016 469 supra
1035 393 1107 450 satis
1122 393 1264 452 evicimus

93 490 232 571 idemque
264 491 295 548 in
323 487 443 549 Moralia
477 505 551 565 quae
580 487 722 548 dicuntur
749 487 923 548 Plutarchea
952 489 1058 548 cadere
1086 507 1121 549 eo
1150 490 1264 549 facilius

93 585 148 647 tibi
176 586 382 666 persuadebis,
411 588 437 645 si
460 587 606 664 recogitas
634 587 783 662 ingentem
812 586 875 645 lere
903 588 1034 647 omnium
1062 594 1189 647 aetatum
1213 586 1264 655 ho-

92 687 207 745 minum
235 686 287 763 qtri
315 702 369 744 seu
396 684 482 743 solito
512 700 565 744 seu
593 684 715 743 astricto
744 701 881 743 sermone
910 685 1096 762 scripserunt
1120 684 1225 744 molem
1249 703 1264 744 a

91 781 266 861 philosopho
291 789 393 846 nostro
417 780 586 862 collaudari,
610 799 737 860 quorum
761 799 895 859 magnam
920 800 989 842 sane
1013 790 1127 861 partem
1151 785 1182 842 in
1205 801 1265 842 ma-

92 878 243 961 nualibus,
271 879 480 959 gnomologiis,
508 880 711 966 onomasticis,
734 877 837 939 lexicis
860 881 994 940 invenire
1018 888 1148 961 poterat,
1172 880 1263 940 multo

92 980 234 1038 maiorem
262 986 360 1039 autem
386 979 457 1056 quin
481 978 544 1056 ipse
569 995 604 1037 ex
627 978 700 1056 ipsis
724 975 896 1037 auctoribus
920 976 1074 1056 collegerit
1097 977 1266 1038 addubitari

92 1078 205 1155 nequit.
507 1076 518 1096 ⁹
1224 1066 1225 1071 ¹

183 1172 303 1232 Praeter
336 1190 370 1231 ea
404 1189 477 1250 quae
511 1175 635 1251 exposui
667 1162 905 1232 Chaeronensem
937 1171 1043 1233 ardore
1076 1173 1203 1253 quodam
1236 1182 1266 1233 et

93 1269 256 1330 subtilitate
285 1267 382 1330 studia
406 1269 578 1349 litterasque
603 1269 648 1329 vel
671 1271 831 1331 interiores
854 1278 884 1330 et
907 1270 1075 1331 reconditas
1099 1271 1266 1350 amplexum

92 1387 160 1450 esse
188 1370 275 1428 etiam
303 1386 338 1427 ex
367 1386 401 1427 eo
430 1375 564 1447 apparet,
593 1368 671 1447 quod
700 1386 748 1428 res
777 1376 836 1428 tam
861 1368 992 1428 diversas
1016 1369 1096 1429 velut
1119 1369 1266 1450 physicas,

93 1466 219 1548 ethicas,
242 1464 412 1545 historicas,
437 1465 616 1544 theologicas
640 1468 705 1545 pari
728 1484 827 1526 amore
851 1474 1057 1544 perscrutatus
1081 1477 1134 1528 est.
1144 1461 1167 1550 ¹)

182 1563 243 1624 Nec
269 1581 328 1623 non
352 1562 470 1623 illorum
494 1565 545 1642 qui
567 1562 760 1623 Plutarchum
784 1565 871 1624 unice
895 1564 1068 1625 enchiridiis
1092 1567 1264 1644 epitomisve

92 1663 172 1722 tritis
205 1680 237 1721 ac
270 1660 440 1738 vulgaribus
473 1679 560 1720 usum
593 1666 658 1720 esse
691 1662 885 1721 coniecerunt
916 1661 1001 1722 lacile
1033 1665 1136 1740 respui
1168 1671 1267 1741 potest

92 1761 253 1839 sententia,
282 1761 350 1837 quia
380 1766 514 1819 nostrum
538 1757 746 1844 bibliothecam
770 1758 937 1837 possedisse
962 1762 1110 1837 egregiam
1134 1762 1265 1839 satisque

92 1857 217 1918 uberem
249 1857 411 1934 accipimus
444 1873 478 1915 ex
510 1855 722 1935 Quaestionum
750 1855 1007 1935 Symposiacarum
1040 1856 1104 1917 loco
1138 1857 1264 1936 quodam

92 1950 132 2036 (V
152 1951 186 2034 2,
206 1948 240 2035 8)
270 1953 321 2013 ubi
348 1952 420 2013 haec
449 1960 578 2013 exstant:
607 1941 854 2033 “ἐπιφνομένιον
883 1945 919 2014 δδ
946 1955 1095 2035 πολλῶν,
1122 1949 1179 2016 καλ
1200 1948 1264 2015 τὸν

92 2048 278 2132 βεβαιωτὴν
311 2047 355 2124 ὡς
388 2047 529 2112 ἀπίστου
646 2056 703 2131 τῆς
735 2047 883 2131 ἱστορίας
915 2046 1162 2133 ἀπαιτούντων,
1197 2048 1265 2115 ἐπι-

62 2139 66 2146 ’
91 2157 205 2230 τορῶς4
226 2141 452 2229 ἀναμνησθεὶς
480 2144 701 2228 ἀπέφαινον
726 2142 945 2233 Ἀκέσανδρον
974 2143 1011 2210 ἐν
1037 2154 1083 2233 τῷ
1106 2145 1183 2233 περὶ
1206 2152 1265 2212 Λι-
1362 2175 1364 2178 ⁴

93 2245 177 2327 βάης
198 2252 300 2308 ταῦτα
325 2243 544 2328 ἱστοροῦντα,
569 2255 657 2308 etex
681 2249 723 2307 eis
748 2265 822 2325 quae
846 2256 1013 2325 sequuntur
1036 2259 1158 2327 apparet
1177 2251 1264 2309 etiam

92 2345 261 2405 Polemonis
285 2343 321 2405 de
345 2344 493 2405 thesauris
512 2344 663 2423 Delphicis
686 2345 831 2423 scriptum
849 2343 1007 2405 Plutarcho
1026 2353 1144 2424 praesto
1165 2347 1264 2407 luisse.

184 2442 236 2502 Cui
266 2460 324 2501 non
349 2435 477 2522 obstati)
502 2442 582 2521 quod
604 2442 681 2503 Plut.
704 2444 735 2501 in
759 2444 841 2528 vitae⁴
859 2441 1066 2503 Demosthenis
1090 2442 1192 2523 cap2
1217 2463 1264 2504 ex·

91 2544 178 2620 ponit
205 2557 326 2600 neccsse
356 2558 435 2615 esse,
464 2549 496 2599 ut
524 2538 611 2599 homo
641 2543 692 2619 qui
719 2539 873 2600 historiam
899 2539 1034 2622 ¹scribere
1062 2541 1133 2602 velit
1155 2542 1265 2603 incolat

92 2635 204 2701 ‘nolon
223 2633 401 2716 εὐδόκιμον
419 2631 476 2698 καλ
495 2636 678 2715 φιλόκαλον
696 2631 751 2698 καλ
765 2634 1047 2718 πολυάνθρωπον,
1066 2636 1110 2712 ὡς
1124 2638 1264 2719 βιβλίων

92 2757 128 2798 τε
151 2733 373 2798 παντοδαπῶν
397 2730 568 2816 ἀφθονίαν
591 2733 676 2814 ἔχων
759 2731 803 2815 μὴ
827 2735 961 2796 πολλῶν
979 2729 1055 2816 μηδ’
1074 2731 1264 2815 ἀναγκαίων

93 2826 203 2906 ἐνδεὲς
231 2829 408 2913 ἀποδιδοίη
435 2831 473 2894 τὸ
502 2828 612 2913 ἔρραν’
641 2832 781 2911 lugetque
811 2831 890 2911 quod
918 2834 981 2911 ipse
1010 2834 1041 2891 in
1069 2851 1159 2911 parvo
1187 2836 1264 2894 vivat

92 2930 247 3011 oppidulo,
276 2948 342 2989 nam
371 2948 406 2990 ex
431 2932 474 2990 eis
498 2948 573 3009 quae
600 2938 768 3009 sequuntur
791 2929 888 2990 elucet
911 2929 984 2989 haec
1008 2931 1106 2989 omnia
1121 2940 1263 3009 ‚spectare

92 3032 219 3090 maxime
244 3028 280 3088 atl
298 3027 444 3087 Romanas
464 3027 578 3088 litteras
597 3028 786 3106 linguamque
807 3045 880 3106 quas
899 3046 966 3087 sero
986 3035 1100 3088 tantum
1120 3038 1149 3089 et
1168 3028 1264 3090 obiter

92 3127 152 3188 sibi
173 3128 339 3187 innotuisse
363 3125 578 3186 Chaeronensis
602 3125 657 3185 hoc
682 3123 746 3184 loco
771 3142 824 3184 nos
848 3125 943 3186 docet.

182 3208 274 3285 Paulo
298 3225 425 3283 maioris·
440 3226 583 3284 momenti
607 3223 723 3282 videtur
746 3222 820 3282 alius
843 3222 927 3282 locus
952 3224 1003 3303 qui
1026 3232 1121 3282 exstat
1144 3218 1197 3283 ‘lle
1221 3223 1266 3285 Εἰ

93 3323 171 3403 apud
196 3316 336 3400 Delphos'
360 3340 384 3382 c.
403 3320 429 3402 l,
448 3318 560 3402 38413,
585 3320 634 3380 ubi
653 3319 728 3379 Plut.
752 3337 784 3379 se
808 3329 929 3380 excusat
954 3319 1030 3399 quotl
1056 3318 1186 3398 dialogos
1209 3322 1263 3401 Py·

93 3513 284 3568 Romanorum
309 3510 411 3564 litteris
434 3510 541 3563 nullam
563 3509 647 3577 plane
671 3525 785 3578 opernm
809 3506 982 3577 incubuisse,
1007 3524 1079 3575 quae
1102 3509 1264 3564 coniectura

91 3590 208 3647 modum
227 3589 373 3659 paululum
393 3587 615 3649 excederemihi
633 3587 752 3643 videtur.

186 3672 211 3740 1)
231 3671 266 3724 of.
285 3668 486 3736 Wachsmuth,
505 3667 523 3723 l.
539 3667 557 3721 l.
576 3685 604 3736 p.
619 3673 679 3722 218.
718 3666 890 3735 Volkmann,
909 3666 926 3721 l.
942 3667 961 3722 l.
976 3666 988 3719 1
1004 3673 1054 3721 108
1066 3685 1106 3734 sq.

183 3753 211 3818 2)
230 3749 344 3803 Minime
355 3746 563 3802 Wachsmuthii
575 3745 712 3801 iudicium
725 3748 763 3817 (p.
774 3749 837 3817 215)
854 3747 974 3816 probare
987 3763 1102 3815 possum
1118 3749 1167 3816 qni
1180 3749 1262 3804 uicit:

95 3831 176 3886 ‘Hier
199 3830 239 3899 (in
258 3828 414 3896 Chtronen)
437 3829 489 3881 hat
507 3843 537 3882 er
555 3827 628 3882 auch
647 3827 724 3882 seina
743 3827 863 3881 meisten
880 3826 990 3881 Biioher
1008 3826 1191 3896 geschrieben
1211 3871 1216 3881 .
1233 3873 1262 3886 ..

93 3913 140 3967 ein
158 3908 306 3976 Umstand,
325 3909 375 3962 der
393 3907 438 3961 ittr
457 3906 502 3961 die
521 3905 643 3975 richtige
662 3906 842 3975 Wurnigung
859 3907 951 3961 seiner
969 3906 1166 3962 Arbeibsweise
1184 3910 1263 3964 nicht

92 3987 250 4057 unwichtig
268 3980 315 4054 ist,
335 3987 379 4054 da,
399 3985 451 4041 wie
471 4004 502 4041 er
515 3985 604 4040 aelbab
618 3984 773 4056 (Demosth.
789 3989 816 4052 2)
830 3986 951 4057 anfiihrt,
970 3985 1029 4040 ihm
1043 3986 1073 4040 in
1086 3985 1136 4041 der
1149 3986 1263 4044 kleinon

93 4067 331 4124 Provinziulstudt
354 4066 400 4121 die
418 4067 499 4120 Fiille
522 4067 572 4120 der
592 4064 712 4136 Biicher,
736 4066 789 4120 wie
809 4066 849 4120 sie
868 4064 914 4119 die
932 4065 1044 4119 reichen
1062 4063 1263 4123 Bibliothekeh

93 4150 146 4203 der
169 4147 300 4217 Kapitale
328 4147 472 4216 bosamen,
500 4145 581 4200 nicht
608 4165 640 4200 zu
669 4143 776 4199 (lebote
805 4145 887 4198 stand
910 4146 967 4198 und
991 4162 1020 4198 er
1044 4190 1050 4201 .
1072 4189 1077 4200 .
1101 4144 1148 4199 bei
1171 4147 1262 4203 seiner

94 4225 325 4284 Sobriitstellerei
352 4225 383 4279 in
407 4224 575 4280 Chaironeic
602 4224 713 4280 einfaoh
742 4225 792 4279 auf
817 4226 875 4278 sein
901 4223 1071 4279 Gedbohtnis
1095 4224 1162 4279 oder
1185 4227 1262 4283 aeine

92 4307 224 4363 frtiheren
243 4304 379 4376 Exaerple
402 4304 579 4375 nnganiesen
600 4307 678 4360 war?
718 4306 750 4359 of.
771 4303 859 4358 etiam
876 4303 1048 4372 Volkmann,
1072 4303 1089 4357 l.
1106 4304 1124 4357 l.
1144 4305 1157 4357 i
1176 4313 1261 4372 tuso.
