2754 4656
585 282 827 346 —127-

115 453 178 541 μὲν
201 459 247 522 τῶ
272 460 333 524 δύο
358 460 446 542 είδη,
470 460 507 523 τὸ
531 462 643 542 τρίτον
667 456 704 523 δὲ
727 461 878 542 κινήσας,
903 458 939 523 ἐν
963 449 988 547 ᾧ
1012 461 1049 527 τὸ
1073 470 1213 543 φρονεῖν
1237 459 1289 543 ἐγ-

115 558 281 639 γίγνεται,
306 557 411 633 οῦτως
434 555 653 640 άνατταῦηταί
678 568 733 620 etc.

207 657 288 727 Quae
321 678 388 719 cum
421 660 461 717 ita
489 660 562 732 sint,
595 657 746 737 probabile
775 658 846 717 mihi
876 659 991 719 videtur
1021 677 1123 719 omnes
1151 661 1223 719 istas
1251 659 1287 720 de

115 756 200 815 malis
225 756 363 816 ethonis
388 758 499 816 somnis
524 755 751 816 deliberationes
774 755 965 817 Plutarchum
990 776 1026 816 ex
1049 757 1166 817 Zenone
1188 757 1286 817 Stoico

115 854 350 936 deprompsisse,
379 856 430 933 qui
452 852 582 913 Platonis
608 853 695 913 verba
720 853 819 931 aliquo
844 854 929 914 modo
953 854 1188 915 conformaverat
1212 858 1286 914 suis-

115 970 175 1029 que
200 954 355 1012 sententiis
379 953 576 1030 adaptaverat.

205 1049 238 1108 ln
267 1052 362 1128 capite
384 1047 425 1110 13
454 1057 615 1109 recurrunt
643 1051 711 1109 vitia
741 1052 812 1109 satis
842 1049 927 1109 nobis
952 1059 1033 1110 nota:
1062 1044 1286 1131 ἐπιθυμίαι,

115 1145 252 1226 φόβοι,
276 1144 397 1227 ὀργαί.
444 1145 535 1206 Paulo
563 1148 638 1207 inira
667 1149 776 1206 iterum
803 1150 936 1227 corporis
961 1147 1056 1207 morbi
1080 1158 1109 1208 et
1132 1151 1222 1208 animi
1248 1151 1286 1208 vi·

115 1246 231 1304 tiositas
260 1245 317 1304 sibi
340 1252 533 1323 opponuntur
556 1255 584 1304 et
608 1241 657 1305 ‘ab
681 1240 794 1325 μέσον’
819 1253 848 1305 et
872 1239 1030 1325 (μέτριον
1054 1247 1286 1327 commendatur,

113 1342 217 1402 eadem
242 1343 435 1403 similitudine
459 1341 495 1401 ab
518 1342 580 1421 lyra
601 1345 692 1421 petita
716 1361 791 1422 qnae
812 1342 897 1402 nobis
915 1345 1046 1403 innotuit
1064 1340 1118 1403 “De
1137 1343 1286 1423 tranquill.

112 1434 172 1498 an'
197 1458 222 1500 c.
245 1437 294 1521 15,
313 1438 420 1501 4741.
1181 1500 1185 1509 .

203 1537 236 1596 ln
271 1541 366 1616 capite
393 1536 435 1598 14
467 1546 600 1598 extremo
633 1541 815 1616 castigantur
849 1533 1046 1618 φιλονεικία
1073 1532 1128 1598 καὶ
1155 1537 1286 1619 φθόνος

111 1632 196 1712 πρὸς
219 1635 298 1707 τοὺς
320 1631 531 1716 κρείττονας’,
556 1635 664 1714 quibus
688 1635 786 1695 verbis
807 1636 966 1714 respondet
986 1631 1039 1695 ‘De
1058 1637 1208 1715 tranquill.
1227 1632 1286 1696 an'

111 1753 136 1793 c.
157 1731 199 1794 10
214 1735 277 1792 init.
298 1727 350 1815 (cl.
369 1753 393 1793 c.
409 1730 428 1793 9
445 1735 493 1793 tin.
512 1743 542 1793 et
562 1732 601 1794 11
619 1727 697 1816 init.)
718 1742 748 1794 et
766 1729 822 1793 ‘An
843 1729 998 1793 vitiositas'
1019 1732 1036 1794 1
1054 1734 1102 1793 lin.
1123 1729 1175 1817 (cl.
1195 1752 1285 1812 supra

110 1849 138 1909 p.
163 1825 250 1912 113).

202 1928 292 1989 Paulo
315 1930 391 1989 infra
412 1923 470 2012 (84
480 1923 517 2011 F)
542 1932 699 2008 coniuncta
723 1932 891 1990 invenimus
915 1925 1040 2009 φυγὴν
1057 1922 1284 2009 Ἀριστείδον,

109 2022 262 2107 ςεἱργμὸν
285 2021 529 2108 Ἀναξαγόρου’,
564 2023 693 2088 ’πενίαν
716 2022 939 2106 Σῶκράτους’,
972 2023 1165 2100 ‘dexteros
1187 2046 1285 2087 κατα-

109 2121 231 2203 δίκην’.
278 2125 409 2184 Similem
438 2128 469 2184 in
493 2125 612 2186 modum
637 2128 860 2204 coniunguntur
884 2125 1021 2185 Socrates
1046 2136 1075 2184 et
1099 2127 1285 2202 Anaxagoras

109 2217 165 2281 ‘De
186 2219 285 2282 exilio'
311 2242 335 2283 c.
358 2222 396 2282 17
414 2225 463 2283 fin.
509 2223 551 2283 tf.
576 2243 665 2302 supra
689 2242 717 2301 p.
737 2221 788 2284 89.

200 2321 319 2380 Maioris
347 2323 490 2380 momenti
514 2330 584 2381 sunt
608 2321 695 2380 verba
721 2341 796 2399 quae
821 2329 938 2381 exstant
960 2339 988 2398 p.
1009 2316 1098 2382 85n:
1127 2316 1197 2381 ‘cdv
1221 2317 1283 2402 γάρ

108 2416 187 2499 άχρι
209 2424 270 2479 τοῦ
292 2413 347 2479 καὶ
371 2417 409 2478 τά
433 2417 617 2499 φαινόμενα
643 2416 736 2478 δεινά
756 2416 800 2499 μη
821 2417 1062 2498 δυσχεραίνειν,
1085 2414 1167 2478 άλλδι
1185 2420 1283 2478 θαυ-

108 2514 246 2596 μάζειν
274 2510 338 2576 καὶ
367 2516 512 2596 ζηλοῦν
538 2512 835 2596 ἐνθουσιασμὸν
859 2513 920 2576 οὐκ
944 2510 986 2576 άν
1009 2515 1116 2594 ἔτινε
1139 2523 1206 2576 τῶν
1228 2537 1282 2576 κα-

108 2615 178 2674 λῶν
207 2608 317 2686 οὐδεὶς
343 2609 580 2691 ἀποτρέψειεν)
626 2613 730 2674 Nonne
755 2617 855 2674 statim
879 2615 1080 2674 reminisceris
1103 2621 1282 2673 commenta·

109 2714 200 2772 tionis
234 2707 292 2771 ‘lle
320 2712 533 2790 tranquillitate
561 2707 666 2771 animi’
701 2714 806 2790 capitis
837 2709 891 2791 18,
928 2711 980 2772 ubi
1008 2711 1084 2771 Plut.
1118 2730 1171 2771 nos
1199 2711 1283 2771 iubet

108 2819 337 2888 praeceptorum
371 2829 445 2888 quae
479 2810 571 2870 edidit
603 2805 873 2889 <θαυμάζοντα
906 2803 970 2870 καὶ
1000 2809 1192 2888 ζηλοῦντα
1220 2803 1283 2869 καὶ

108 2911 462 2969 συνενθουσιῶντα
485 2915 603 2988 πεῖραν
628 2904 810 2988 λαμβάνειν
835 2901 886 2990 (cl.
911 2927 936 2966 c.
960 2903 1007 2987 19,
1028 2900 1163 2989 477Β)ἳ
1205 2906 1281 2966 Num

108 3024 179 3065 casu
205 3007 316 3065 lactum
339 3025 405 3066 esse
429 3014 527 3085 potest
550 3009 706 3084 participia
729 3001 969 3086 θαυμάζοντα,
1000 3004 1173 3084 ζηλοῦντα,
1203 3018 1282 3065 συν-

108 3099 351 3164 ἐνθουσιῶντα’
378 3104 433 3163 hoc
457 3104 522 3163 loco
546 3104 650 3164 eodem
675 3105 779 3163 ordine
804 3123 836 3163 se
860 3106 997 3182 excipere
1022 3112 1110 3181 atque
1134 3098 1186 3162 ‘De
1206 3102 1281 3180 prof.

108 3203 139 3260 in
161 3198 238 3261 virt'
262 3201 279 3261 l.
299 3201 316 3260 l.
343 3219 428 3260 voces
452 3197 663 3281 <θαυμάζειν,
688 3201 824 3281 ζηλοῦν,
848 3196 1130 3280 ἐνθουσιασμόν’ῗ

197 3299 230 3359 ln
262 3302 304 3358 eis
333 3318 407 3378 quae
437 3307 604 3377 sequuntur
633 3299 848 3359 Chaeronensis
877 3299 993 3378 suadet,
1029 3306 1075 3376 ut,
1108 3299 1280 3376 prinsquam

108 3396 262 3477 quodlibet
277 3400 428 3475 negotium
444 3399 650 3476 suscipiamus,
665 3415 850 3475 quaeramus,
867 3415 953 3474 quam
971 3397 1043 3455 viam
1060 3394 1281 3455 clarihomines

109 3495 163 3555 lxac
185 3497 217 3554 in
237 3514 268 3554 re
288 3497 408 3554 inierint
428 3489 612 3578 (ridendae
631 3492 694 3574 πρὸ
715 3492 900 3574 ὀφθαλμῶν
919 3493 996 3566 τοὺς
1015 3490 1112 3564 ὄντας
1131 3487 1281 3571 ἀγαθοὺς

108 3637 162 3654 ...
182 3581 255 3653 οἷον
278 3590 361 3672 πρὸς
384 3590 553 3673 ἔσοπτρα
571 3597 818 3672 κοσμοῦντας
838 3583 1042 3673 ἑαυτούς’).1)
1082 3590 1194 3649 Similia
1214 3609 1281 3669 pro-

112 3692 247 3751 teruntur
272 3699 437 3750 commenta
461 3687 514 3750 ‘lle
535 3689 683 3768 tranquill.
702 3685 760 3749 an?
784 3708 808 3749 c.
829 3684 872 3750 6².

199 3788 332 3865 licitique
355 3806 447 3865 pauca
473 3788 509 3847 de
533 3791 628 3867 capite
654 3785 689 3847 17
712 3787 858 3847 adnotem.
896 3785 951 3845 Uhi
974 3805 1002 3863 p.
1018 3781 1094 3846 850
1118 3787 1280 3863 accipimus

111 3887 220 3946 multos
244 3886 379 3945 homines
403 3881 451 3946 ‘dv
475 3893 544 3958 τοῖς
566 3882 648 3965 πρὸς
671 3879 791 3964 άρετην
809 3878 1009 3964 κράγμασιν’
1035 3901 1066 3942 se
1090 3884 1224 3960 recipere
1245 3885 1279 3943 ad

111 3983 183 4044 tales
208 3983 437 4043 exclamationes
462 3983 564 4062 quales
587 3985 647 4042 sint
670 3978 716 4042 <τί
736 3979 799 4062 γάρ
823 3979 859 4042 τὸ
882 3977 970 4061 καρδι
990 3976 1115 4054 τοῦτο;’
1140 3978 1185 4039 vel
1204 3976 1279 4041 ‘vair

198 4228 223 4294 1)
252 4225 329 4279 Idem
353 4224 426 4278 Plut.
450 4224 480 4278 in
506 4226 574 4280 vitis
598 4223 801 4296 componendis
823 4223 881 4277 sibi
898 4222 1060 4291 proposuit.
1093 4218 1143 4271 es.
1158 4221 1294 4270 <mum

102 4304 270 4357 Timoleonis
294 4307 323 4356 et
341 4304 459 4359 Aemilii
479 4305 564 4362 Pauli
583 4304 775 4380 praelationis
793 4325 824 4376 p.
835 4309 894 4358 ‘abts
908 4305 947 4357 b:
966 4295 1086 4362 'denso
1099 4293 1134 4349 ἐυ
1152 4291 1319 4349 ‘sebae-teu

90 4387 124 4451 'tl'
141 4379 252 4456 ἶσῑθθίᾳ
272 4384 456 4454 πειρώμενον
478 4397 631 4462 κοσμεῖν
656 4387 785 4448 ...τὸν
808 4386 892 4461 iiior?
