2754 4656
573 271 816 334 -124—

108 457 209 510 contra
234 452 331 510 animo
355 460 541 529 aegrotantes
565 447 812 525 εἐξελαύνουσιν
832 446 851 530 ἦ
871 448 1034 531 φεύγουσι
1054 445 1128 534 (τὸν
1149 446 1278 533 ἰατρόν)

20 571 22 576 ’
107 538 185 627 μηδ’
212 543 263 608 ότι
290 553 451 609 νοσοῦσιν
479 545 543 611 ὑπὸ
570 555 631 611 τοῦ
658 546 789 631 σφόόρα
819 557 933 610 νοσεῖν
960 544 1213 630 αι’σθανόμενοί
1239 577 1279 598 --

108 641 256 705 ‘dulmine
277 665 313 707 an
333 643 425 725 corp’
445 646 506 710 c.3
530 644 578 710 ‘ol
597 640 659 728 μὲν
681 649 819 709 καλοῦσι
842 646 920 720 τοὺς
944 644 1088 728 ίατρούς,
1186 644 1222 709 ot‘
1243 640 1281 708 dt

77 813 82 824 ι
108 740 271 824 φεύγουσι
298 742 377 817 τοὺς
405 745 627 826 φιλοσόφους,
656 748 783 807 οίονται
807 743 869 827 γάρ
894 742 1139 826 ἐπιτυγχάνειν,
1169 742 1205 807 ἐν
1230 734 1282 817 οἷς

108 838 413 922 ὃιαμαρτάνουσιν.’
437 877 478 886 -
503 844 683 923 Ceteroquin
708 853 835 921 utroque
859 843 923 904 loco
948 845 1026 903 iuter
1049 843 1170 904 morbos
1195 841 1282 903 ‘nv-

108 929 234 1018 ρετός’
259 948 288 1000 et
311 937 525 1020 “φρενῖτις’
550 949 829 1002 commemorantur.
853 975 894 982 —
919 939 1009 1000 Paulo
1033 941 1111 1000 inira
1131 936 1172 1020 (p.
1188 938 1231 1002 82
1244 934 1281 1023 B)

107 1036 183 1100 Plut.
212 1057 280 1098 eum
309 1038 458 1099 hominem
487 1043 660 1118 perstringit
690 1041 741 1118 qui
770 1048 900 1098 exteram
930 1038 1049 1115 quidem
1074 1040 1208 1116 corporis
1233 1041 1281 1097 sui

110 1137 324 1214 turpitudinem
346 1137 451 1218 illudit,
476 1134 526 1197 ‘coi
546 1128 577 1198 δ’
595 1132 707 1219 ἐντὸς
726 1140 822 1217 αίσχη
841 1141 899 1215 τῆς
917 1141 1023 1215 ψυχῆς
1042 1181 1049 1195 .
1066 1182 1072 1196 .
1092 1130 1146 1197 καὶ
1166 1155 1280 1214 μικρο-

108 1232 222 1312 λογίας
245 1228 299 1294 καὶ
323 1232 521 1315 φιληδονίας
543 1229 598 1296 καὶ
621 1234 860 1315 κακοηθείας
877 1228 932 1295 καὶ
950 1234 1132 1313 φθόνους
1151 1231 1281 1312 ὥσπερ

108 1325 248 1410 ἕλκη..
269 1327 489 1413 ἀποκρύπτων
513 1327 634 1395 ούόέυα
658 1336 770 1412 θιγεῖν
794 1325 874 1393 οὐδὲ
894 1327 1079 1413 προσιδεῖν’
1102 1335 1221 1411 patitur.
1237 1366 1280 1374 —

107 1429 216 1490 Nostro
244 1432 309 1490 iure
339 1431 397 1491 huo
426 1432 561 1492 conferre
585 1450 744 1510 possumus
769 1431 785 1492 l.
806 1426 953 1490 ‘dulmine
974 1448 1010 1489 au
1030 1426 1176 1508 corporis'
1200 1431 1280 1489 idem

107 1546 131 1587 c.
151 1525 172 1588 2
189 1528 279 1606 quod
309 1531 365 1589 iam
395 1532 512 1608 saepius
536 1531 571 1590 ad
596 1531 874 1590 commenta-tionem
900 1527 985 1588 nobis
1009 1530 1189 1606 propositam
1214 1527 1280 1587 illu-

107 1626 256 1686 straudam
286 1627 371 1686 nobis
401 1629 468 1687 usui
497 1635 574 1706 erat,
602 1627 654 1688 ubi
677 1628 750 1687 haec
774 1634 903 1687 exstant:
932 1621 985 1686 ‘ito
1009 1618 1046 1686 dl
1070 1624 1193 1687 σαυτὸν
1218 1625 1281 1687 ἔν-

108 1721 229 1785 δοθεν
258 1719 405 1805 ἀνοίξῃς,
430 1718 680 1797 ..πολυπαθὲς
707 1732 817 1786 κακῶν
845 1730 993 1803 ταμιεῖον
1019 1720 1190 1803 adquiesco?
1236 1724 1281 1785 Cf.

70 1807 75 1816 ⁹
107 1824 194 1880 etiam
213 1817 267 1881 ‘lle
287 1821 436 1900 tranquill.
456 1818 513 1882 au'
534 1822 583 1902 11,
603 1808 710 1884 ltili.
750 1821 813 1901 lpsa
838 1824 906 1882 vitia
931 1824 1039 1882 iterum
1060 1823 1152 1881 forma
1172 1821 1281 1900 plurali

107 1929 333 2000 enumerantur3
361 1938 385 1979 e.
405 1938 433 1997 g.
459 1923 616 1981 coniuncta
645 1920 735 1981 hahes
760 1917 926 1999 ‘pddvot
949 1913 1004 1980 καὶ
1026 1915 1281 1998 κακοήθειαι’

107 2018 194 2077 etiam
216 2013 269 2077 ‘lle
289 2017 437 2096 tranquill.
457 2013 515 2078 ου’
536 2016 553 2079 l
571 2021 634 2078 init.
672 2015 724 2078 ‘lle
744 2020 809 2078 virt.
830 2026 860 2078 et
879 2013 940 2077 rit’
962 2015 1057 2078 10οΑ
1082 2017 1206 2095 legimus
1229 2014 1280 2077 ‘cd

106 2114 301 2195 κακόηθες
319 2109 374 2177 καὶ
394 2111 590 2179 ἀκόλαστον’
605 2109 663 2198 (--
677 2110 879 2199 φιληόονία),
900 2147 941 2156 —·
963 2114 1165 2175 Conseruntur
1179 2123 1280 2175 autem

106 2212 171 2273 loon
205 2213 240 2272 de
274 2230 332 2291 quo
366 2215 480 2292 agimus
513 2213 587 2274 mala
620 2216 651 2274 iu
684 2215 781 2273 auimo
814 2215 965 2274 nascentia
999 2232 1066 2272 cum
1096 2212 1281 2292 vulneribus,

107 2311 269 2388 eademque
297 2310 384 2370 nobis
412 2329 444 2370 se
469 2310 592 2390 praehet
616 2311 777 2371 similitudo
802 2306 857 2371 ‘Au
878 2307 984 2370 vitios'
1003 2309 1101 2390 dun,
1130 2310 1181 2371 ubi
1206 2310 1281 2370 haee

108 2417 236 2469 exstant:
260 2403 330 2469 ‘cdv
353 2404 418 2470 ὑπὸ
442 2415 498 2488 τῆς
518 2407 618 2489 τύχης
637 2408 918 2488 συντριβήσεσθαι
937 2402 1099 2487 με’λλοντα
1118 2454 1124 2468 .
1141 2454 1168 2469 ..
1190 2406 1281 2469 ίόιον

106 2501 218 2579 ἕλκος
241 2500 282 2567 ἐν
306 2500 433 2589 ἑαυτῷ
456 2503 511 2568 καὶ
534 2504 636 2569 κακὸν
660 2505 746 2587 ἔχειν
771 2505 824 2567 θεῖ
845 2502 955 2579 ε’ντὸς
979 2502 1141 2584 σαρκός.’

195 2604 228 2663 lu
252 2606 347 2683 capite
371 2602 410 2664 m
430 2604 515 2685 Plut,
538 2624 553 2663 a
573 2605 652 2665 dicto
672 2605 800 2684 quodam
819 2604 946 2664 Zenonis
965 2605 1143 2682 principium
1165 2613 1280 2685 petens,

107 2702 290 2762 demonstrat
313 2719 471 2780 pravorum
495 2702 647 2762 hominum
673 2705 785 2762 animos
809 2721 846 2762 ne
867 2704 897 2761 iu
917 2720 1020 2761 somno
1042 2701 1162 2779 quidem
1179 2705 1279 2779 quiete

107 2801 166 2860 frui
189 2799 240 2859 sed
265 2800 391 2877 pessima
416 2818 551 2878 quaeque
575 2802 606 2860 in
629 2801 784 2860 insomniis
809 2809 957 2878 appetere,
981 2798 1075 2858 bonos
1099 2807 1202 2858 contra
1227 2800 1279 2860 lro·

19 2949 21 2952 ,
106 2900 200 2957 mines
230 2893 280 2957 ‘nd
308 2892 463 2977 φάσματα
491 2891 545 2958 καὶ
570 2895 611 2958 τά
633 2894 801 2978 κινήματα.
819 2891 912 2977 μέχρι
935 2903 1003 2956 τῶν
1027 2891 1155 2958 ύπνων’
1179 2899 1278 2975 oppri-

106 3014 186 3055 mere
211 3005 241 3055 et
264 2995 377 3054 sedare.
1288 3003 1291 3008 “

196 3092 256 3152 lam
280 3092 425 3173 conferas,
449 3112 568 3174 quaeso,
592 3092 682 3152 libelli
702 3089 755 3152 ‘lle
775 3095 840 3152 virt.
860 3101 890 3152 et
910 3087 970 3150 rit'
989 3111 1013 3152 ο.
1029 3089 1059 3171 2,
1082 3092 1134 3152 ubi
1158 3093 1278 3152 eaedem

107 3191 347 3251 ratiocinationes
379 3191 593 3252 adumbrantur
621 3209 676 3250 uec
705 3210 762 3251 nou
792 3191 869 3250 idem
899 3188 1028 3248 Platonis
1057 3189 1092 3248 de
1121 3189 1180 3248 filio
1210 3209 1279 3250 cum

106 3294 199 3347 matre
224 3286 415 3347 concubitum
438 3290 593 3349 allectante
614 3291 798 3348 enuntiatum
813 3282 916 3371 (Resp.
932 3286 1004 3366 Vlll‚
1024 3279 1134 3369 otte)
1155 3288 1280 3348 allartur

106 3403 164 3463 quo
197 3384 272 3445 Plut.
301 3386 388 3444 etiam
417 3386 482 3445 loco
511 3386 547 3446 de
576 3405 634 3465 quo
663 3387 777 3464 agimus
805 3387 908 3444 utitur.
959 3384 996 3442 m
1024 3383 1116 3444 multo
1144 3386 1278 3461 graviora

108 3490 280 3560 argumenta
305 3482 437 3542 subsidio
461 3483 546 3543 uobis
570 3485 700 3561 veniunt,
725 3481 833 3560 quibus
857 3480 984 3541 dilucide
1009 3480 1219 3558 comprobatur
1244 3501 1278 3542 ex

109 3598 168 3640 uno
192 3589 353 3658 utrumque
377 3579 474 3640 locum
499 3581 711 3640 commentario
735 3579 865 3639 lluxisse.
903 3579 980 3639 Dicit
1004 3580 1082 3638 enim
1104 3579 1186 3639 Plato
1211 3580 1227 3639 Ι.
1248 3580 1279 3641 l.:

109 3673 179 3749 ‘vag
201 3670 276 3755 napi
300 3674 358 3739 τὸν
381 3672 489 3739 ύπνον
514 3672 732 3757 ἐγειρομένας,
757 3674 837 3737 ὅταν
859 3673 897 3738 τὸ
919 3669 979 3756 μὲν
998 3673 1078 3737 ἀλλο
1097 3681 1155 3754 τῆς
1171 3683 1280 3756 ψυχῆς

110 3765 190 3855 adop
215 3823 221 3835 .
241 3819 248 3833 .
272 3771 309 3835 τὸ
329 3766 366 3835 δὲ
385 3771 551 3854 θηριῶδές
568 3794 603 3835 τε
622 3768 676 3836 καὶ
695 3772 813 3851 ἀγριον
833 3822 839 3834 .
859 3819 866 3834 .
886 3778 1001 3856 σκιρτᾷ
1020 3792 1054 3833 τε
1073 3767 1128 3833 καὶ
1148 3770 1279 3835 ἀπωσά-

109 3891 211 3952 μενον
236 3869 294 3933 τὸν
318 3867 426 3933 ὕπνον
451 3872 526 3953 ζητη
552 3866 635 3932 ίέναι
659 3865 711 3932 καὶ
736 3867 983 3951 ἀναπιμπλάναι
1007 3867 1046 3930 τά
1071 3867 1174 3932 αὑτοῦ
1197 3870 1279 3953 ἤθη·

110 3961 200 4031 οἷσθ’
228 3966 279 4030 ὅτι
306 3966 412 4030 πάντα
440 3965 476 4030 ἐν
503 3975 548 4053 τῷ
577 3965 716 4053 τοιούτφ
740 3969 844 4050 τολμᾷ
867 3975 989 4045 ποιεῖν,
1019 3963 1063 4040 ὡς
1085 3963 1149 4029 ἀπὸ
1172 3967 1281 4050 πάσης

56 4058 58 4061 ’
88 4139 91 4145 1
110 4062 291 4147 λελυμένον
310 4085 344 4126 τε
363 4060 417 4126 καὶ
437 4061 689 4146 ἀπηλλαγμένον
706 4063 864 4147 αἰσχύνης
877 4060 931 4126 καὶ
946 4064 1147 4146 φρονήσεως.
1181 4068 1284 4147 μητρί

109 4182 144 4224 τε
167 4162 230 4245 γάρ
253 4160 430 4244 ἐπιχειρεῖν
453 4163 647 4244 μίγνυσθαι,
674 4160 718 4237 ὡς
741 4166 855 4242 οίεται,
880 4155 980 4225 οὐδὲν
1004 4159 1109 4240 ὀκνεῖ,
1132 4160 1221 4249 ἀλλφ
1245 4186 1280 4227 τε
1326 4209 1328 4214 -

111 4258 238 4346 ὁτφούν
262 4258 453 4343 ἀνθρώπων
471 4256 526 4323 καὶ
544 4264 635 4323 θεῶν
653 4255 707 4323 καὶ
726 4260 868 4341 θηρίων,
890 4266 1082 4341 μιαιφονεῖν
1099 4279 1134 4320 τε
1154 4257 1281 4343 ὁτιοῦν,

85 4355 273 4435 βρώματός
304 4379 341 4420 τε
372 4355 558 4442 ἀπέχεσθαι
591 4356 748 4442 μηδενός*
781 4352 835 4420 καὶ
867 4352 917 4420 ἑνὶ
944 4356 1030 4441 λόγῳ
1059 4353 1136 4418 ούτε
1163 4353 1281 4433 ἀνοίας
