2754 4656
564 206 784 272 „gg-

88 389 305 449 Chaeronensis
328 383 557 467 ‘discerentur'
582 385 717 446 laudibus
742 385 873 445 cumulat
897 384 1045 462 similique
1070 385 1185 443 ratione
1206 378 1254 442 ‘lle

89 484 236 564 tranquill.
256 480 313 545 an?
338 503 405 544 eum
430 486 479 543 cui
502 486 567 543 ruri
591 482 682 541 libere
707 484 794 541 vitam
818 500 900 542 suam
920 482 1029 559 degere
1048 480 1127 542 licet.
1164 480 1255 541 Etiam

88 587 118 643 in
148 583 388 660 ultimis'capitis
412 582 448 641 de
473 600 531 659 quo
555 581 670 657 agimus
694 572 734 662 (c.
753 573 807 660 12)
833 578 931 639 verbis
955 599 987 639 ea
1010 579 1165 639 commoda
1188 578 1275 638 cele--

89 680 213 739 brantur
236 678 344 758 quihus
363 679 451 738 bomo
471 677 599 756 publicis
617 675 793 736 muneribus
813 695 923 737 vacuus
943 677 1073 756 lruatnr;
1096 678 1261 736 invenimus

89 780 196 837 iterum
226 795 312 837 voces
340 770 534 856 (ἡγεμόνος,
564 777 607 834 uti
634 770 686 833 ‘tte
711 773 860 851 tranquill.
879 770 936 834 an'
961 772 996 853 6,
1019 771 1118 834 4671)
1148 792 1182 833 ac
1211 769 1262 832 ‘lie

89 871 188 934 exilio'
209 870 383 954 12,60413
408 883 437 933 et
460 866 720 952 ‘napconmvrog',
750 879 783 931 ut
811 873 841 930 in
866 873 961 949 capite
987 869 1020 952 8,
1040 868 1137 932 6026
1163 867 1264 952 ‘napt-

89 967 246 1033 σκῶσαν’.
879 1042 883 1047 ,

177 1068 220 1128 Ex
244 1071 341 1147 capite
362 1065 403 1129 13
428 1067 501 1127 nihil
525 1067 603 1146 quod
624 1067 682 1126 huc
701 1069 833 1144 pertinet
852 1065 1012 1144 lucramur,
1036 1084 1104 1125 cum
1128 1064 1168 1124 ibi
1191 1065 1266 1126 Plut.

90 1167 167 1225 varia
192 1173 308 1226 tantum
333 1163 471 1225 nonnulla
496 1165 676 1225 collectanea
700 1165 926 1243 conglutinarit3
956 1182 1009 1222 nec
1033 1164 1069 1222 de
1093 1165 1190 1241 capite
1217 1161 1267 1243 14,

90 1281 148 1340 quo
177 1265 321 1322 certiores
350 1263 437 1321 fimus
465 1263 624 1341 plerosque
648 1261 839 1340 philosophos
864 1269 893 1320 et
916 1261 1075 1321 historicos
1099 1263 1196 1339 patria
1221 1279 1266 1320 re·

89 1359 157 1419 licta
182 1379 233 1419 sua
259 1367 364 1436 sponte
389 1361 419 1418 iit
442 1359 546 1418 alicnis
566 1359 738 1438 regionibus
757 1377 811 1438 per
829 1365 921 1418 totam
941 1358 1003 1418 lere
1024 1361 1113 1418 vitam
1134 1367 1266 1418 versatos

91 1474 170 1534 esse,
195 1455 250 1515 boc
275 1455 339 1515 loco
364 1456 527 1518 diiudicare
551 1475 720 1534 possumus.

179 1552 281 1631 Capita
308 1549 436 1613 15---17
462 1553 600 1632 Cynicam
630 1552 765 1612 redolent
795 1553 973 1633 doctrinam,
1002 1553 1118 1632 quade
1145 1572 1176 1613 re
1202 1555 1268 1615 vide

90 1648 278 1709 Giesecliium
303 1668 356 1728 per
381 1668 516 1728 magnam
540 1652 758 1711 dissertationis
783 1669 853 1712 suae
878 1659 993 1727 partem
1017 1649 1129 1710 Telelis
1152 1659 1183 1711 et
1207 1651 1269 1712 Mu-

90 1749 167 1806 sonii
190 1747 331 1825 reliquias
356 1766 423 1807 cum
447 1747 607 1809 Plutarcho
631 1749 843 1808 conferentem.

180 1843 239 1904 lana
268 1848 547 1906 commemoratione
576 1845 698 1923 dignum
723 1847 839 1906 videtur
863 1865 888 1904 c.
911 1842 960 1923 16,
980 1842 1045 1906 606
1055 1845 1092 1926 D,
1121 1845 1172 1906 ubi
1196 1847 1269 1907 haee

94 1951 221 2001 exstant:
257 1936 323 2002 ‘nul
357 1947 454 2002 τοῦτο
487 1949 544 2022 τῆς
577 1939 808 2024 ἀβελτερίας
835 1941 980 2023 ἔγκλημα
1008 1944 1136 2023 μᾶλλον
1163 1939 1184 2023 ἢ
1213 1949 1271 2026 τῆς

94 2045 204 2118 ψυχῆς
228 2035 326 2099 ἐστιν.
369 2035 410 2100 οὐ
435 2038 497 2120 γὰρ
522 2039 558 2101 ol
578 2040 744 2120 μαθόντες
767 2032 840 2102 οὐδ’
863 2036 1074 2120 ἐπιστάμενοι
1096 2046 1272 2121 χρῆσθαι

95 2144 177 2209 τοῖς
200 2141 413 2216 παροῦσιν,
437 2129 508 2197 ἀλλ’
532 2134 571 2197 οί
588 2132 647 2199 ἀεὶ
665 2143 734 2198 τοῦ
754 2132 967 2218 μέλλοντος
986 2133 1272 2220 ἐκκρεμάμενοι

94 2228 147 2294 καὶ
177 2232 367 2314 γλιχόμενοι
394 2241 461 2295 τῶν
489 2231 642 2296 ἀπόντων
671 2233 714 2308 ὡς
741 2231 795 2297 ἐπὶ
820 2234 952 2315 σχεδίας
975 2230 1193 2316 διαφέρονται
1215 2243 1273 2317 τῆς

94 2327 249 2404 diutior:
275 2349 349 2410 quae
374 2332 463 2391 verba
488 2334 594 2392 mirum
620 2342 763 2412 quantum
788 2337 960 2411 conspirant
983 2341 1012 2392 et
1036 2352 1103 2393 cum
1123 2336 1272 2413 capitibus

94 2426 265 2490 3-51nn.
295 2421 345 2511 (oi.
371 2448 396 2489 c.
415 2426 450 2490 4:
479 2426 691 2510 ‘godricum
719 2427 918 2510 εὐλογίστως
944 2437 1015 2503 τοῖς
1041 2428 1271 2516 παροῦσιν’)

94 2537 123 2586 et
151 2545 218 2587 oum
246 2525 314 2585 libri
340 2521 393 2585 ‘lle
417 2526 567 2606 tranquill.
587 2522 644 2588 an'
673 2528 820 2607 capitibus
850 2531 907 2587 iam
937 2531 1055 2606 saepius
1084 2529 1271 2612 collaudatis3

94 2643 162 2684 nam
191 2623 246 2684 sub
271 2626 375 2701 capitis
403 2621 443 2684 14
459 2625 516 2684 line
540 2624 616 2687 Plut.
641 2627 765 2703 castigat
792 2625 928 2685 homines
958 2621 1025 2704 ‘erig
1048 2623 1190 2706 αὔριον
1214 2623 1272 2689 ἐκ·

93 2715 379 2800 κρεμαμένους’
413 2725 478 2799 pari
505 2722 593 2781 modo
622 2732 709 2799 atque
739 2717 792 2781 ‘lie
817 2717 916 2782 exilio'
943 2721 961 2781 l.
982 2723 998 2782 Ι.
1027 2741 1079 2783 eos
1107 2728 1157 2802 qui
1187 2721 1272 2788 ‘rori

95 2803 308 2898 μέλλοντος
334 2813 635 2898 ἐκκρεμάμενοι’
660 2821 727 2878 εἰοῑ,
776 2819 836 2879 Νοο
861 2819 946 2880 aliter
969 2815 1022 2880 ‘De
1044 2822 1194 2900 tranquill.
1215 2820 1271 2883 an’

94 2935 119 2976 c.
139 2912 178 2975 14
192 2917 257 2975 init.
280 2918 524 2993 perstringuntur
548 2919 576 2975 ei
600 2918 651 2995 qui
671 2912 861 2996 ‘mandore
880 2915 920 2976 τὰ
938 2915 1062 2997 χρηστα
1083 2963 1112 2978 ..
1132 2914 1272 2999 ἀμελοῦ-

95 3027 150 3073 σιν
169 3008 234 3072 ὑπὸ
254 3017 315 3072 τοῦ
335 3009 555 3074 συντετάσθαι
575 3011 670 3094 πρὸς
689 3013 732 3076 τὸ
751 3008 896 3094 με’λλον
914 3009 965 3074 ἀεὶ
983 3022 1055 3087 ταῖς
1073 3013 1274 3095 φροντίσιν’.

184 3109 257 3168 Cum
286 3110 392 3187 primis
423 3110 521 3170 verbis
546 3128 581 3169 ex
606 3109 695 3170 libelli
721 3107 773 3170 ‘De
798 3106 898 3171 exilio'
922 3114 1018 3190 capite
1043 3110 1084 3174 16
1109 3132 1199 3192 supra
1224 3135 1272 3176 ex-

99 3208 219 3284 scriptis
243 3198 368 3288 (‘roa“rto
390 3211 447 3285 τῆς
464 3201 696 3286 ἀβελτερίας
715 3205 886 3288 ἔγκλημα
904 3209 1030 3288 μᾶλλον
1049 3204 1069 3288 ἢ
1088 3215 1146 3290 τῆς
1164 3219 1277 3294 φυγῆς

95 3296 212 3385 ἐστιν’)
237 3302 386 3380 conferas,
415 3321 537 3383 quaeso,
563 3299 616 3363 ‘lle
635 3304 785 3384 tranquill.
807 3302 865 3366 an'
888 3326 913 3366 c.
935 3305 975 3366 12
990 3309 1067 3387 init,
1094 3309 1146 3368 ubi
1169 3310 1273 3371 eadem

96 3403 157 3460 lere
187 3402 332 3459 sententia
362 3399 408 3458 his
437 3401 535 3460 verbis
564 3405 747 3462 continetur:
780 3399 960 3484 εεὐθυμίαν
987 3402 1178 3467 κολούει..
1203 3429 1273 3488 μει-

97 3496 202 3572 ζόνων
234 3490 429 3575 ἐφιεμένους
459 3504 531 3569 ταῖς
563 3494 692 3560 ἐλπίσιν
716 3544 724 3560 .
744 3545 750 3559 .
773 3547 779 3559 .
804 3498 1010 3562 αἰτιᾶσθαι
1043 3500 1185 3583 δαίμονα
1216 3501 1272 3568 καὶ

95 3592 210 3674 τύχην,
234 3588 318 3654 ἄλλα
340 3591 384 3673 μὴ
408 3590 470 3672 τὴν
490 3590 601 3656 αὑτῶν
623 3590 883 3678 ἀβελτερίαν’;
908 3608 1039 3659 extrema
1058 3608 1161 3661 contra
1181 3604 1272 3664 verba

97 3710 172 3771 quae
196 3708 286 3768 supra
310 3690 396 3750 attuli
419 3693 449 3750 in
473 3699 602 3752 mentem
628 3693 683 3754 tibi
707 3702 846 3755 revocant
870 3714 903 3754 ca
928 3714 1002 3773 quae
1023 3695 1098 3756 Plut.
1117 3692 1171 3757 ‘De
1191 3707 1272 3760 tran·
1296 3734 1301 3743 ‚

97 3787 178 3866 quill.
198 3783 256 3847 an'
281 3785 321 3848 18
337 3788 385 3847 fin.
411 3796 441 3848 et
466 3785 505 3848 19
522 3791 585 3849 init.
609 3790 646 3849 de
670 3790 751 3850 falsis
775 3786 906 3853 <ίλκίσί
932 3794 1059 3853 disserit.

186 3883 264 3944 Haec
288 3887 386 3944 omnia
406 3884 548 3946 Giesecke
573 3886 690 3947 silentio
715 3891 882 3969 praeteriit;
906 3897 1008 3951 contra
1031 3899 1111 3952 recte
1130 3894 1273 3956 indicavit

97 3983 189 4042 totius
218 3980 309 4042 libelli
339 3978 390 4042 ‘tte
419 3976 520 4042 exilio'
549 3984 703 4044 exordium
732 4005 799 4046 oum
828 3990 1084 4048 commentationis
1112 3985 1165 4050 ‘lle
1189 3999 1272 4054 tran·

99 4076 179 4158 quill.
199 4075 256 4139 an'
282 4075 418 4158 capite4
440 4082 559 4159 egregie
589 4083 762 4162 convenire3
790 4101 844 4143 nec
870 4102 940 4144 vero
964 4085 1079 4163 singula
1102 4093 1271 4152 accuratius

90 4178 296 4250 pertractavit.

115 4289 118 4293 ·
165 4269 400 4336 Dissertatmm's
432 4271 486 4338 ‘De
511 4277 666 4359 tranquill.
692 4273 751 4340 an?
785 4280 868 4342 euim
896 4279 1005 4356 eapitis
1027 4276 1052 4337 4
1075 4289 1290 4355 argumentum
