2754 4656
564 83 784 146 ..94..

86 258 175 323 ’κᾶν
202 259 421 343 ὑπομειδιάσῃ
449 284 508 335 τις
534 258 627 335 ἐλπὶς
655 259 673 341 ἦ
701 258 830 339 τέρίκς,
857 259 940 341 αὕτη
968 263 1051 343 ταχὺ
1078 261 1305 342 φροντίδος

85 356 279 439 ἐκραγείσης
309 358 420 437 ὥσπερ
452 356 490 421 ἐν
521 358 635 441 εὐδίᾳ
667 358 860 431 σπιλάδος
886 358 1080 439 συνεχύθη]
1128 359 1310 440 Utroque

85 461 177 535 igitur
199 458 266 518 loco
290 459 363 517 mala
387 462 518 518 animum
542 460 717 535 occupantia
741 477 808 515 curu
834 458 958 535 rupibus
982 461 1058 517 mari
1081 461 1314 520 imminenti·

85 555 142 615 laus
165 557 371 615 constrantur.
413 555 507 615 l'oces
530 550 667 631 πέρι-ις’
690 564 720 614 et
744 551 863 614 ‘sidio’
887 565 1071 633 usrupantur
1094 558 1187 614 etiam
1211 552 1318 618 ‘Do

86 653 235 731 tranquill.
245 649 305 712 an.'
321 650 371 730 19,
392 652 442 711 ubi
457 662 609 731 praeterea
624 649 754 712 ἐὐδία
768 647 829 711 καί
846 649 1014 731 pcciq'eq'
1028 655 1265 731 coniunguntu
1279 675 1320 716 r.

175 751 234 811 lam
258 754 288 811 in
312 750 378 811 c.4
400 750 536 809 modicus
559 751 677 828 quidam
701 751 871 809 divitiarum
897 770 970 810 usus
988 753 1157 828 requiritur
1175 742 1323 831 (τὴν

85 846 269 928 ἀπληστίαν
292 845 456 930 παύσης’).
497 847 566 907 Pari
590 849 676 907 modo
701 851 796 907 rictus
820 850 1014 925 temperantia
1037 844 1091 906 ‘lle
1110 850 1324 927 tranquill.

85 945 144 1009 an'
168 966 193 1008 c.
214 944 254 1007 li
271 950 319 1006 liu.
342 946 519 1007 celebratur.

175 1042 250 1103 Huic
280 1044 397 1103 risendi
427 1043 620 1102 moderationi
648 1044 713 1104 loco
741 1045 779 1103 de
807 1063 866 1123 quo
889 1047 1005 1121 agimus
1028 1044 1132 1103 eadem
1156 1051 1326 1126 ψυχῆς

85 1140 178 1221 πάθη
207 1151 401 1221 opponuntur
428 1143 458 1199 in
487 1158 561 1219 quae
591 1143 647 1200 ianr
677 1153 735 1201 tam
765 1161 853 1220 saepe
882 1142 1055 1202 incidimus:
1088 1137 1325 1222 ἀπληστία,

86 1239 204 1320 φόβοι,
228 1238 413 1319 φροντίδες.
459 1234 694 1317 (Animadverte,
718 1258 843 1318 quaeso,
866 1233 1020 1321 pluralial)

177 1338 288 1398 Deinde
317 1339 454 1416 sequitur
481 1340 663 1414 comparatio
692 1341 771 1396 inter
799 1337 948 1397 hominem
977 1339 1219 1415 intemperatum
1285 1346 1323 1397 et

86 1437 236 1496 hominem
261 1435 479 1495 febricitantem
503 1437 647 1493 instituta.
689 1435 775 1494 Tales
799 1434 1010 1494 similitudines
1032 1454 1050 1495 a
1072 1439 1221 1514 corporis
1288 1444 1323 1495 et

86 1537 175 1594 animi
199 1534 374 1593 condicione
398 1534 505 1609 petitas
529 1541 665 1591 nostrum
684 1533 843 1593 admodum
863 1551 977 1592 amasse
996 1544 1121 1611 apparet
1140 1554 1178 1595 ex
1197 1534 1321 1595 libri

86 1628 140 1691 ‘lle
160 1629 308 1708 tranquill.
328 1625 386 1688 an.'
405 1626 425 1688 3
441 1629 503 1707 lin.;
528 1625 639 1707 8iutt.;
666 1626 706 1689 19
722 1631 811 1709 med,
839 1642 872 1689 ut
902 1629 993 1689 multa
1021 1629 1077 1689 alia
1104 1650 1182 1710 qnae
1211 1630 1241 1690 h
1259 1647 1321 1689 ιιι

86 1731 238 1807 pertinent
256 1729 400 1786 omittam,
420 1759 462 1766 -
481 1727 587 1803 ,igitur
605 1736 703 1786 autem
723 1724 776 1787 ‘lle
792 1731 857 1787 rirt.
873 1737 902 1787 et
917 1722 980 1786 rit?
998 1725 1017 1786 l.
1032 1726 1050 1786 l.
1069 1728 1107 1788 de
1126 1728 1321 1808 corporis

86 1827 173 1905 paulo
205 1835 290 1885 antea
319 1824 433 1902 aegroti
461 1822 513 1882 ubi
541 1841 645 1882 sanum
675 1825 785 1885 lartum
813 1836 857 1885 est
886 1834 975 1885 statu.
1025 1824 1157 1904 Exponit
1185 1826 1321 1887 enim

86 1934 190 1984 auctor
219 1926 352 2001 ineptum
380 1939 446 1979 esse
475 1915 681 1997 επυρέττοντι
709 1917 763 1983 καὶ
792 1925 913 2005 χολικῷ
941 1917 1029 2001 με’λί
1057 1922 1104 1983 rel
1127 1920 1260 1986 ‘noel-a
1275 1940 1322 1979 αι-

86 2029 158 2094 κοῑς
185 2015 239 2081 καὶ
268 2018 513 2096 δυσεντερικοῖς
540 2018 628 2077 σιτία
656 2014 711 2079 καὶ
740 2016 818 2092 toa’
846 2022 969 2098 olierre,
997 2022 1138 2098 quoniam
1163 2032 1322 2099 aegro

86 2121 160 2178 tanti
184 2118 296 2178 homini
318 2135 354 2175 no
375 2117 568 2174 suavissimus
587 2118 707 2194 quidem
727 2126 757 2176 et
776 2117 1011 2177 iucundissimus
1029 2116 1117 2177 cibus
1135 2118 1321 2197 placeat

85 2226 190 2276 contra
215 2215 336 2275 eosdem
360 2215 508 2290 homines,
536 2213 716 2293 ubicumque
740 2219 895 2275 sanitatem
919 2216 1141 2295 recuperarint,
1164 2216 1320 2276 cibum

87 2314 221 2391 quamvis
240 2321 360 2372 tenuem
380 2330 414 2370 ac
434 2311 521 2370 vilem
541 2312 734 2389 cupidissime
754 2313 850 2372 edere.
871 2346 912 2354 —
932 2311 1023 2371 Plane
1043 2312 1122 2372 idem
1137 2312 1318 2373 chaero-

86 2412 188 2470 nensis
211 2409 325 2488 prolert
344 2405 398 2468 ‘lle
418 2407 568 2485 tranquill.
587 2405 648 2467 an.'
667 2408 766 2470 ditm:
789 2405 819 2469 ‘d
840 2406 903 2488 γὰρ
923 2401 1020 2489 ἐχθὲς
1038 2402 1088 2492 ᾠὰ
1105 2404 1163 2471 καὶ
1182 2396 1317 2488 o'qml

87 2508 142 2568 λια
164 2501 219 2568 καὶ
243 2503 419 2586 σητάνειον
442 2503 562 2583 ἄρτον
586 2503 787 2568 διαπτύων
811 2501 863 2588 (ol.
883 2503 937 2567 ‘De
957 2509 1023 2567 rirt.
1042 2515 1073 2567 et
1092 2505 1166 2569 rit':
1189 2492 1314 2577 ‘o‘tlz

88 2601 169 2687 δρᾷς
196 2603 275 2677 τοὺς
301 2608 501 2681 νοσοῦντας,
530 2600 580 2664 ὅτι
604 2612 671 2664 τῶν
693 2601 878 2683 βρωμάτων
900 2601 941 2664 τά
964 2602 1186 2686 καθαρώτατα
1211 2588 1312 2663 τισὶ

86 2696 347 2763 πολυτελέστατα
354 2695 380 2783 l)
400 2698 656 2780 δυσχεραίνουσι
675 2697 729 2762 καὶ
745 2699 766 2761 δ
772 2698 1000 2762 ιαπτύουσι’
1015 2700 1097 2783 eto),
1115 2702 1223 2783 τήμερ
1230 2709 1309 2753 (W

87 2795 276 2878 αὐτόπυρον
300 2790 350 2858 ἐπ’
373 2793 497 2870 ἐλαίαις
514 2793 535 2876 ἢ
554 2797 770 2879 καρδαμίδι
793 2806 930 2860 σιτεῖται
948 2800 1181 2880 προσφιλῶς
1200 2816 1222 2859 κ
1246 2782 1308 2849 dl

52 2898 56 2905 ’
85 2892 316 2976 προθύμως
349 2890 417 2977 (Ἧι
442 2896 507 2955 virt.
534 2905 563 2955 et
587 2894 662 2957 rit':
700 2894 836 2977 ‘donov
875 2895 967 2959 λιτὸν
999 2891 1052 2957 ἐπὶ
1083 2895 1176 2981 τυρῷ
1209 2879 1308 2955 acal

86 2990 271 3079 καρδάμῳ
303 2992 457 3072 χαίρουσι
486 2987 540 3054 καὶ
568 2990 851 3074 ἀσμενίζουσιν
879 2989 1091 3078 ἐσθίοντες),
1124 2996 1156 3056 id
1184 3008 1248 3073 qr!
1263 2983 1306 3043 (td

87 3094 152 3151 lieri
184 3087 252 3171 ‘eqo
284 3087 458 3167 κράσεως
490 3089 788 3173 μεταβαλούσης
819 3087 875 3153 καὶ
904 3089 1090 3173 πνεύματος
1116 3084 1308 3174 χρηστθῦ

86 3183 140 3249 καὶ
163 3184 301 3267 γλυκέος
325 3185 461 3267 αἵματος
484 3184 767 3269 ἐμμενομένου’
791 3199 846 3251 eto.
870 3184 939 3274 (Ἧι
960 3193 1025 3252 virt.
1045 3198 1075 3251 et
1094 3187 1188 3273 τίδ’),
1222 3178 1308 3240 Gli

86 3287 250 3344 sententiae
274 3286 384 3363 optime
409 3287 590 3363 respondent
610 3282 662 3346 ‘lle
683 3290 831 3367 tranquill.
852 3285 910 3349 an.9
930 3288 946 3349 l.
966 3289 983 3349 l.
1008 3289 1095 3350 haee:
1118 3284 1191 3369 ‘erle
1210 3271 1308 3343 vl·

86 3396 149 3443 σου
173 3379 389 3461 διαλυθείσης
412 3377 466 3442 καὶ
489 3379 663 3462 κράσεως
687 3378 747 3444 ἑτέ
755 3406 825 3465 ρας
848 3380 1139 3467 ἐμμενομένης’,·
1163 3384 1214 3449 uti
1279 3373 1306 3429 lss

88 3488 214 3558 utroque
234 3478 309 3538 libro
328 3480 363 3539 acl
385 3479 581 3540 valetudinem
600 3484 815 3543 restituendam
835 3502 907 3543 nova
928 3485 1099 3544 commixtio
1119 3486 1307 3547 sucorum

87 3580 266 3654 requiratur.

175 3673 302 3734 Eaedem
323 3676 384 3735 lere
404 3675 631 3736 deliberationes
651 3681 843 3739 inveniuntur
858 3674 911 3737 t[le
926 3680 1051 3738 sanitate
1066 3674 1194 3741 tuenda'
1212 3659 1306 3728 08

89 3765 176 3853 llud),
196 3771 248 3832 ubi
266 3772 404 3850 legimus:
424 3768 526 3853 ‘e‘cptlol
545 3767 606 3854 μὲν
625 3774 688 3857 γὰρ
707 3771 762 3837 καὶ
781 3772 863 3837 ὀπτά
881 3769 936 3835 καὶ
954 3773 1059 3836 πεπτὰ
1076 3772 1241 3860 βρόμοι
1256 3778 1306 3821 τα

179 4018 204 4083 1)
229 4014 307 4079 Quae
329 4014 415 4068 verba
433 4014 508 4069 idem
527 4016 688 4085 significant
706 4020 789 4083 atque
811 4017 863 4070 ‘De
877 4018 1021 4086 tranquill.
1037 4021 1095 4075 en?
1115 4022 1135 4075 1.
1149 4022 1185 4076 l.=
1230 3998 1299 4076 ‘llll

89 4092 138 4147 καλ
157 4089 262 4160 άμδλια
281 4094 331 4148 καὶ
349 4090 498 4162 σητάνειον
518 4090 627 4164 ἄριστ’.

174 4176 202 4239 2)
223 4171 262 4228 Of.
283 4173 408 4228 eiusdem
427 4174 672 4231 commentationis
691 4192 714 4229 ο.
731 4181 747 4227 4
762 4175 822 4232 init.
