2754 4656
536 257 759 320 ..31-

54 439 207 520 παρόντα
235 436 274 499 τὰ
302 435 427 519 χρηστὰ
454 432 635 518 παρορῶσί
662 429 715 520 (cl.
739 455 763 496 e.
784 434 812 516 8,
831 433 930 498 4694
955 434 1007 496 ubi
1032 436 1095 514 pari
1120 435 1234 493 ratione

56 539 195 597 homiues
223 537 300 596 bona
329 535 386 595 sibi
414 535 528 614 reliqua
557 554 615 594 uon
645 537 716 594 satis
745 536 935 593 aestimantes
963 524 1236 613 perstringuntur);

56 631 113 694 ‘lle
142 629 243 694 exilio'
271 633 289 694 l.
309 632 326 692 l.
355 633 521 697 contendit:
551 627 631 704 ‘cote
658 632 793 703 πολλοῖς
821 627 931 711 ὥσπερ
959 626 1081 709 ἠθμοῖς
1105 624 1236 708 ἐμμένει

56 725 113 793 καὶ
134 729 395 811 προσίσχεται
413 727 453 789 τὰ
472 727 673 807 φαυλότατα,
697 736 763 789 τῶν
782 727 963 807 βελτιόνων
981 722 1236 807 ὑπεκρεόντων’,

57 832 108 889 cxxi
142 827 329 889 similitudini
361 826 519 886 admodum
552 827 648 886 altinis
682 834 727 885 est
761 844 794 885 ea
826 845 900 904 quae
930 821 983 884 ‘ue
1007 822 1157 902 tranquill.
1178 817 1236 881 an.'

61 925 102 987 15
118 928 182 986 init.
212 925 248 985 de
277 923 423 985 culicibus
452 934 615 1002 usurpatur
638 925 689 1002 qui
712 920 795 995 “ταῖς
818 919 997 1002 τραχύτησι
1020 915 1237 1001 προσέχον-

56 1043 122 1084 ται
151 1016 209 1084 uel
231 1029 302 1094 ταῖς
325 1017 485 1101 ἀμυχαῖς.
508 1053 553 1064 -
576 1017 629 1080 ‘lle
653 1016 752 1079 exilio'
777 1039 802 1081 c.
821 1017 907 1080 tun.
931 1020 1023 1079 habes
1048 1014 1237 1097 ‘desuperiu-

57 1115 149 1200 των’,
168 1115 221 1178 ‘De
237 1117 386 1197 tranquill.
401 1113 459 1179 an.’
475 1117 491 1178 l.
507 1118 524 1178 l.
540 1113 782 1198 ‘dnoppa'oveeg’
797 1128 827 1177 et
841 1137 866 1178 c.
879 1116 920 1178 14
931 1119 979 1177 sm.
995 1110 1182 1196 ‘desupetv'.
1193 1148 1237 1156 —

58 1213 115 1277 ‘De
135 1211 236 1276 exilio'
261 1211 311 1276 ‘cd
330 1210 533 1294 φαυλότατα
558 1224 751 1294 opponuntur
773 1211 855 1288 ‘cois
877 1211 1100 1295 βελτίοσιν’
1120 1215 1163 1273 uti
1183 1208 1236 1272 ‘lle

59 1309 291 1393 tranquillae?
314 1309 365 1374 ‘ael
387 1311 522 1394 χείρονα
544 1320 615 1385 τοῖς
637 1308 841 1393 βελτίοσι’.

150 1411 173 1470 Ε
198 1413 347 1471 contrario
372 1412 520 1488 sapientes
545 1412 574 1469 in
599 1409 698 1470 libello
723 1407 777 1470 tlle
797 1406 896 1470 exilio’
920 1409 1144 1489 praedicantur,
1168 1411 1235 1487 quia

59 1505 110 1571 εεἰι
135 1516 204 1570 τῶν
233 1505 371 1588 ἀγαθῶν
398 1515 469 1580 τοῖς
496 1515 609 1592 κακοῖς
636 1502 875 1588 ἐπαρυτόμενοι
900 1505 961 1568 τὸν
983 1506 1058 1585 βίον
1082 1511 1237 1567 ποιοῦσιν

58 1603 145 1686 ἡδίω
178 1600 232 1667 καλ
264 1600 549 1685 ποτιμώτερον’
578 1600 629 1687 (cl.
660 1601 713 1664 ‘lle
739 1604 887 1682 tranquill.
912 1598 970 1663 an.’
994 1605 1027 1683 8,
1046 1601 1158 1664 4690:
1187 1600 1237 1662 ‘col

58 1701 186 1786 χρηστὰ
208 1698 262 1764 καλ
286 1694 471 1783 πότιμα’),
496 1721 583 1781 quam
608 1705 847 1761 commixtionem
872 1703 902 1760 in
928 1701 995 1760 libri
1015 1697 1067 1760 ‘ue
1087 1699 1237 1780 tranquill.

60 1799 119 1862 an.'
144 1803 275 1880 capitum
299 1803 417 1879 saepius
440 1808 691 1878 pertractaturum
714 1799 842 1859 indolem
867 1802 977 1876 optime
999 1800 1145 1877 quadrare
1165 1800 1237 1857 satis

61 1917 214 1978 superque
239 1898 532 1958 demonstravimus..

150 1995 184 2056 E.
203 2014 230 2074 g.
253 1996 331 2056 idem
355 1990 483 2075 ‘peppo'
507 1997 672 2073 requiritur
692 2014 716 2054 c.
733 1992 751 2055 8
768 1996 841 2075 init,
860 2013 885 2054 c.
903 1989 952 2073 15,
966 1990 1065 2053 4737
1084 2001 1114 2052 et
1129 1989 1196 2052 474
1207 1991 1237 2072 Β,

62 2094 113 2154 ubi
147 2092 289 2172 legimus:
321 2089 388 2152 ‘dei
502 2087 732 2172 ἀμβλύνοντας
765 2085 815 2152 ἀεὶ
847 2098 933 2162 τοῖς
964 2089 1163 2170 κρείττοσι
1194 2087 1238 2149 τὰ

60 2193 193 2269 φαῦλα
217 2183 270 2274 (cl.
290 2210 314 2250 e.
335 2188 354 2251 8
372 2186 450 2271 init.)
474 2184 528 2250 καλ
552 2186 592 2250 τὰ
615 2189 749 2270 χείρονα
772 2196 842 2261 τοῖς
864 2194 1053 2269 χρηστοῖς
1072 2180 1162 2268 (quae
1183 2205 1238 2245 vox

59 2291 118 2348 iam
148 2289 267 2366 saepius
296 2286 382 2346 nobis
406 2280 549 2369 innotuit)
580 2282 929 2367 ἐμπεριλαμβάνοντας
951 2277 1087 2365 ἐμμελὲς
1108 2282 1145 2346 τὸ
1168 2289 1238 2344 τοῦ

59 2385 153 2465 βίον
185 2391 306 2465 μῖγμα
337 2391 447 2445 ποιεῖν
476 2378 531 2445 καὶ
561 2383 713 2445 οίιιεῖον
741 2379 874 2463 αὐτοῖς’,
908 2402 983 2462 quae
1012 2381 1100 2441 verba
1129 2385 1237 2441 iterum

59 2482 153 2543 libelli
177 2478 231 2542 ‘De
254 2478 353 2543 exilio'
378 2484 483 2560 eapitis
506 2479 528 2542 4
551 2483 705 2542 exordium
729 2485 760 2540 iu
784 2490 913 2540 mentem
938 2487 1085 2539 revocant.
1128 2478 1239 2538 Similis

60 2591 197 2641 ceterum
220 2581 323 2640 mixtio
347 2581 510 2657 requiritur
534 2575 587 2638 ‘ue
606 2577 756 2657 tranquill.
777 2574 833 2637 an.'
856 2598 881 2639 c.
904 2576 941 2636 11
959 2579 1017 2657 liu,
1045 2576 1096 2636 ubi
1120 2583 1238 2655 praeter

61 2695 150 2738 voces
179 2673 235 2737 ‘cd
262 2672 382 2738 ολιιεῖα’
412 2676 535 2736 verbum
564 2670 816 2754 ‘deupdceev'
846 2676 1006 2735 notandum
1035 2683 1081 2733 est
1109 2668 1161 2756 (cl.
1185 2668 1238 2732 ‘lle

59 2771 162 2835 exilio'
187 2774 204 2834 l.
224 2774 256 2835 l.:
280 2768 626 2857 ’ἕπαρυτόμενοι’).

151 2871 210 2933 lsta
248 2875 418 2933 commixtio
453 2872 653 2932 Chaeroneusi
692 2873 858 2930 necessaria
892 2869 1021 2949 videtur,
1060 2870 1127 2947 quia
1161 2863 1239 2927 ‘cmo

59 2968 290 3049 ἀνθρωπίνων
313 2967 466 3050 καθαρὸν
489 2962 591 3030 οὐδὲν
614 2960 687 3029 οὐδ’
709 2963 833 3048 ἀμιγές’
853 2964 920 3046 t‘lle
940 2965 1090 3044 tranquill.
1110 2960 1166 3024 an.'
1188 2960 1238 3044 15,

58 3068 129 3131 474
140 3061 193 3150 Α);
222 3086 319 3127 nonne
348 3068 426 3126 idem
456 3067 517 3126 lere
547 3069 725 3146 exprimitur
754 3065 822 3125 libri
849 3061 903 3124 ‘lle
925 3060 1023 3123 exilie’
1052 3063 1098 3122 his
1128 3061 1238 3121 verbis:

60 3159 207 3245 εμεθιεὶς
229 3173 299 3237 τοῖς
322 3157 383 3244 μὲν
406 3161 487 3242 ἤπια
509 3157 574 3224 καί
596 3157 815 3244 μεμιγμένα
837 3169 911 3222 τοῖσ
935 3152 964 3219 d'
987 3158 1132 3240 ἄκρατα
1152 3154 1239 3237 ῥεύ-

58 3282 161 3345 ματα
184 3269 252 3323 τῶν
274 3257 421 3322 κακων’7

154 3359 229 3421 Tota
262 3359 335 3419 baec
368 3359 404 3418 de
437 3361 631 3419 commixtura
662 3358 807 3417 bonorum
837 3365 867 3415 et
895 3354 1038 3414 malorum
1067 3353 1239 3414 deliberatio

59 3453 211 3538 capitisb
235 3458 340 3535 primis
365 3455 463 3515 verbis
487 3457 618 3516 breviter
642 3457 802 3533 repetitur:
826 3448 1021 3530 ‘dedyeobor
1046 3449 1150 3511 δεῖτὸ
1171 3449 1240 3511 ίλα-
1267 3446 1271 3453 ’

58 3553 127 3638 ρὸν
153 3549 210 3615 καὶ
238 3553 276 3616 τὸ
299 3551 478 3633 εὔθυμον
502 3549 538 3614 ἐκ
559 3561 627 3614 τῶν
650 3550 869 3631 ὑπαρχόντων
891 3544 946 3610 καὶ
969 3545 1241 3628 ὑπολειπομένων

59 3650 218 3732 ἀγαθῶν,
247 3649 292 3736 τῷ
322 3650 431 3735 οἰκείῳ
455 3646 650 3731 τάλλότριον
675 3644 925 3727 ἐκλεαίνοντας’,
955 3645 1064 3725 quibus
1088 3648 1117 3704 in
1142 3646 1240 3705 verbis

58 3755 122 3811 iam
157 3767 213 3809 uua
248 3749 348 3809 vocula
377 3742 547 3828 “εὔθυμου’
580 3767 634 3807 uos
664 3748 750 3806 reicit
779 3746 812 3804 ad
843 3744 1121 3803 commentationem
1151 3761 1239 3819 supra

60 3847 242 3909 illustratam
271 3849 320 3906 cui
343 3845 448 3906 titulus
472 3857 517 3905 est
540 3840 627 3925 <περὶ
651 3837 835 3923 εὐθυμίας,
864 3842 915 3901 ubi
939 3841 1115 3900 adieetivuur
1140 3836 1238 3900 εὔθυ-

59 3965 126 4027 μος
153 3946 322 4004 iuveuimus
350 3962 374 4003 c.
395 3942 423 4021 2,
443 3939 542 4021 4651)
572 3933 828 4024 (εὐθυμοτέρας)
857 3947 887 3998 et
915 3941 945 3996 in
974 3937 1107 3996 eiusdem
1136 3939 1240 4014 eapitis
1300 3994 1303 4000 ,

61 4044 124 4102 fine
139 4034 191 4124 (τὸ
206 4037 380 4121 εὔθυμον).
412 4034 583 4120 “Ιλαρων’
599 4049 694 4099 exstat
709 4035 762 4098 ‘ile
778 4035 927 4115 tranquill.
943 4030 1000 4094 an.'
1018 4031 1058 4094 15
1070 4037 1142 4108 init,
1160 4029 1240 4093 ‘llo-

61 4128 147 4218 ρῶς’
175 4158 199 4199 c.
220 4136 253 4218 8,
272 4137 386 4218 469x3
419 4133 571 4198 ‘eluctor'
601 4154 669 4197 cum
697 4137 768 4196 alias
796 4143 859 4194 tum
888 4129 941 4192 ‘ue
961 4130 1109 4208 tranquill.
1130 4126 1186 4190 an.'
1211 4130 1241 4207 4,

59 4233 130 4299 467
141 4237 178 4315 4,·
202 4233 300 4296 broit.
320 4245 350 4295 et
369 4237 432 4316 βας
461 4231 510 4318 15,
529 4233 639 4298 tutu.
663 4268 707 4276 —
727 4233 797 4294 lox
814 4225 1037 4308 ‘cbiibopxod
1066 4226 1156 4282 redu
1172 4226 1270 4276 emam

50 4336 85 4390 r'rr
113 4348 199 4390 versu
224 4335 339 4393 comico
366 4327 467 4418 (Kock
488 4335 533 4397 Ill
555 4355 587 4416 p.
609 4328 695 4421 tto)
721 4337 779 4416 qui
792 4328 856 4393 ‘ue
873 4323 1042 4404 crannum.
1057 4313 1112 4376 bul
1134 4312 1180 4384 Q,
1195 4303 1301 4361 Q*

97 4436 312 4483 Commentariorum
327 4444 454 4490 Ienennen.
486 4451 531 4492 VI.
1074 4421 1094 4464 ἦ
