2754 4656
533 304 574 311 —
623 267 697 330 123‘
732 304 774 312 —-

155 449 215 509 lam
239 456 375 509 constare
399 449 517 510 videtur
540 447 608 508 libri
634 467 722 528 quem
746 457 908 509 tractamus
932 447 992 511 ο.6
1017 468 1032 509 a
1051 449 1151 510 verbis
1170 444 1235 511 ‘deb

65 541 121 608 καὶ
147 542 261 607 ταῦτα’
291 566 384 625 usque
414 547 449 607 ad
478 548 567 607 linem
594 565 718 626 prorsus
746 547 954 627 depromptum
982 566 1048 608 esse
1071 548 1235 608 exeodem

67 653 188 705 auctore
213 663 270 723 quo
295 644 471 705 Plutarchus
496 642 549 706 ‘lle
569 645 717 725 tranquill.
736 642 794 706 au?
817 664 843 706 c.
864 643 905 707 13
929 665 1002 707 usus
1026 653 1079 706 est.

155 742 189 801 ln
213 745 318 820 capitis
342 741 360 804 7
385 745 469 803 initio
489 743 565 804 Plut.
588 745 660 804 baec
685 746 842 823 praecipit:
865 738 917 804 ‘cd
937 749 996 824 τῆς
1019 739 1136 826 ἀρετῆς
1153 741 1237 823 πρὸς

66 838 105 900 τά
143 835 234 912 ἐκτὸς
271 834 451 914 ἀντιτιθεὶς
483 836 641 924 ὑπεκχέῃς
673 840 854 921 φθόνους
884 835 950 903 καί
983 837 1236 920 guintoniae?
1262 823 1268 836 ⁸
1339 877 1341 882 .

65 938 176 998 Eadem
196 941 310 998 ratione
330 940 434 1000 suadet
453 936 505 1000 ‘De
521 939 669 1018 tranquill.
685 934 742 1000 an?
757 938 777 1002 8
793 949 822 1000 et
839 937 888 1020 15,
902 938 1001 1001 otta
1024 948 1053 1000 et
1069 935 1122 999 ‘lle
1137 933 1235 999 exilio‘

64 1035 165 1116 tun,
193 1044 227 1096 ut
254 1037 376 1097 meliora
404 1038 488 1098 malis
514 1037 728 1099 admisceamus
752 1031 803 1119 (cl.
828 1057 917 1117 supra
942 1056 968 1116 p.
990 1031 1056 1121 62).
1102 1037 1146 1096 Ad
1171 1054 1236 1096 sen-

65 1137 190 1195 tentiam
214 1135 250 1194 cl.
273 1137 360 1194 etiam
381 1130 433 1195 ‘De
453 1135 602 1214 tranquill.
622 1134 681 1198 an'
705 1155 729 1196 c.
751 1133 791 1196 17
813 1145 842 1196 et
863 1132 912 1197 19.
936 1170 979 1179 -
1002 1136 1084 1196 luter
1103 1137 1171 1195 vitia
1191 1152 1236 1193 re-

65 1233 125 1293 lert
153 1243 257 1292 auctor
287 1229 482 1312 εφθόνους
508 1228 573 1295 καὶ
601 1231 852 1314 ζηλοτυπίας’
880 1233 1002 1313 pluralis
1026 1234 1132 1314 lorma,
1161 1251 1236 1312 quae

64 1333 123 1391 iam
139 1333 256 1409 saepius
271 1331 357 1390 nobis
371 1333 508 1411 innotuit,
528 1342 678 1410 usurpata.
711 1328 967 1411 ‘quocvrct'o'
983 1334 1133 1393 invenitur
1148 1332 1236 1391 etiam

64 1424 120 1488 ‘De
139 1428 289 1506 tranquill.
309 1426 366 1490 an'
385 1427 419 1505 2,
438 1427 550 1512 4651),
579 1425 762 1509 ’φθόνοι’
787 1440 817 1491 et
841 1425 1102 1508 “ζηλοτυπίαι’
1126 1428 1195 1489 ibid.
1217 1425 1235 1488 7

64 1529 145 1606 init,
170 1523 353 1606 ‘mddvog'
378 1523 431 1588 'De
452 1531 517 1589 virt.
537 1537 567 1588 et
585 1525 648 1590 vit'
667 1526 701 1610 2,
722 1526 786 1589 100
795 1528 825 1588 F.
1153 1559 1156 1564 ’

156 1622 248 1684 blulto
276 1625 362 1703 plura
390 1646 425 1686 ex
455 1629 551 1706 capite
577 1624 618 1689 10
645 1627 810 1706 lucramur,
837 1626 889 1686 ubi
917 1625 1004 1685 bomo
1033 1621 1184 1704 ‘mordeor
1205 1645 1237 1684 τι

63 1719 181 1803 χάριεν
212 1717 266 1782 καὶ
295 1718 438 1785 άστείον’
466 1734 654 1803 nuncupatur
683 1721 751 1804 ‘mig
779 1719 895 1804 ἀρετῆς
921 1720 1067 1803 γεγονὼς
1094 1720 1237 1803 θεατής’;

65 1821 103 1881 cl.
134 1815 186 1879 ‘De
207 1821 356 1898 tranquill.
376 1818 433 1884 an?
457 1841 481 1882 c.
504 1820 558 1903 19,
577 1820 675 1883 4ttu
704 1818 752 1882 ‘dv
780 1826 819 1902 τῇ
843 1825 931 1901 ψυχῇ
955 1825 1015 1881 τοῦ
1038 1824 1122 1881 νοῦν
1146 1818 1238 1899 ἔχον·
1273 1820 1274 1823 ’

64 1936 123 1989 τος
155 1914 192 1977 αἱ
216 1911 313 1978 καλαὶ
341 1914 531 1997 πράξεις..
556 1914 605 1980 ἀεὶ
633 1913 872 2001 κεχαρισμένην
896 1963 904 1978 .
924 1963 931 1977 .
952 1962 958 1977 .
982 1913 1237 1978 ἐναπολείπουσι

64 2013 128 2094 τὴν
162 2010 333 2077 έπίνοιαν.’
384 2015 457 2077 lbid.
485 2017 560 2077 Plut.
593 2017 679 2096 paulo
712 2026 796 2077 antea
830 2016 980 2095 praedicat
1012 2015 1160 2075 hominem
1194 2033 1237 2075 sa·

65 2115 208 2192 piantem,
228 2114 296 2191 quia
315 2113 422 2173 babeat
440 2111 512 2193 ‘cclv
531 2109 700 2196 ἐνέργειαν
719 2109 929 2194 ἐνθουσιώδη
948 2107 1003 2191 καὶ
1023 2109 1140 2192 ίλαρδιν
1159 2109 1238 2192 μετὰ

64 2215 128 2271 τοῦ
152 2204 246 2290 μέγα
269 2207 463 2293 φρονεῖν’,
491 2220 520 2273 et
543 2216 608 2290 pari
631 2214 718 2273 modo
743 2215 815 2275 dicit
838 2208 890 2272 ‘De
910 2213 985 2290 prol.
1005 2213 1035 2271 in
1055 2206 1167 2271 virtut'
1188 2208 1238 2291 10,

67 2304 145 2368 801]
160 2307 209 2366 fin.
234 2302 332 2378 “είιιός
356 2303 424 2368 ἐστι
446 2306 505 2370 τὸν
527 2309 710 2392 φιλόκαλον
728 2306 783 2372 καὶ
802 2308 991 2390 φιλόσοφον
1010 2307 1155 2370 συνόντα
1175 2304 1238 2368 διδι

66 2411 143 2464 τῶν
170 2400 348 2486 πράξεων
373 2412 417 2486 τῇ
441 2403 539 2490 ἀρετῇ
563 2403 615 2492 (cl.
640 2406 692 2469 ‘De
712 2407 860 2488 tranquill.
881 2403 938 2467 an'
963 2407 980 2469 l.
999 2408 1016 2466 l.
1042 2399 1110 2486 ‘o’up’
1133 2397 1172 2485 ἧς
1194 2440 1239 2448 -

67 2521 108 2562 sc.
125 2505 243 2563 virtutis
263 2535 305 2551 ’-
325 2500 362 2563 αί
377 2499 493 2567 καλαὶ
511 2503 671 2586 πράξεις
689 2499 852 2589 ρέουσαί)
871 2499 926 2567 καί
945 2502 1117 2587 χρώμενον
1136 2500 1238 2565 αὐτὸν

68 2595 105 2660 έν
130 2594 234 2685 ἑαυτῷ
259 2606 366 2682 σιωπῇ
390 2596 486 2682 μέγα
509 2601 697 2684 φρονεῖν’

160 2697 278 2757 Homini
306 2701 432 2778 sapienti
459 2720 515 2763 nec
544 2703 668 2763 aliorum
695 2701 818 2781 gloriam
842 2702 972 2780 captanti
995 2703 1154 2780 opponitur
1178 2693 1238 2779 ‘(d)

70 2786 142 2857 οὐδ’
169 2791 274 2875 ὕπαρ,
302 2790 373 2858 ἀλλ’
396 2796 477 2880 όναρ
502 2795 602 2880 αὐτῆς
626 2793 682 2883 (sc.
705 2792 836 2881 ἀρετῆς)
860 2794 896 2860 έν
920 2805 1028 2870 σκιαῖς
1049 2792 1104 2858 καὶ
1128 2793 1238 2858 είδά-

70 2895 153 2966 λοις
181 2891 398 2975 ῥεμβόμενος,
426 2890 490 2957 είθ’
519 2895 628 2978 ὥσπερ
658 2894 856 2979 ζωγράφημα
884 2890 1056 2978 προτιθεὶς
1079 2889 1131 2957 έπὶ
1154 2889 1240 2955 θέαν

69 2989 106 3052 τὸ
134 2987 386 3072 πεπραγμένονῖ
434 2994 545 3055 Similia
574 2996 699 3074 legimus
729 2992 786 3056 ‘lle
811 2998 876 3056 virt.
896 3003 925 3055 ct
945 2987 1006 3055 vit’
1030 3013 1054 3054 c.
1075 2992 1109 3074 2,
1131 2989 1240 3054 toln:

71 3085 297 3151 ‘dnoloaiovooc
325 3096 385 3152 τοῦ
407 3103 611 3174 παρονομεῐν
634 3090 680 3167 ὡς
701 3090 846 3155 ἀνυστόν
869 3087 958 3154 έστιν
982 3088 1164 3164 εἰδώλοις
1185 3084 1241 3152 καὶ

71 3184 240 3267 φάσμασιν
264 3185 311 3259 είς
334 3183 493 3268 οὐδεμίαν
516 3187 643 3270 ἡδονὴν
665 3184 954 3252 ...τελευτῶσιν.’
977 3223 1022 3232 -
1045 3188 1075 3249 Ρ.
1095 3187 1170 3250 81Β
1194 3206 1240 3247 re-

71 3287 163 3346 deunt
186 3285 274 3345 verba
299 3280 424 3357 ‘taarog
447 3282 495 3348 ὢν
519 3284 644 3368 μάρτυς
666 3284 732 3367 άμα
755 3281 810 3348 καὶ
832 3284 978 3366 θεατὴς
1000 3292 1076 3347 τῶν
1094 3280 1240 3346 παλῶν’

71 3386 250 3462 exponitque
279 3392 382 3443 auctor
410 3385 556 3444 eiusmodi
584 3385 733 3444 bominem
762 3384 885 3463 gloriam
908 3375 996 3464 ‘nco’
1020 3377 1153 3466 iochi',
1181 3401 1241 3442 non

74 3482 150 3561 apud
180 3482 252 3541 alios
281 3498 432 3558 quaerere.
478 3479 572 3551 Quam
600 3485 776 3542 sententiam
800 3481 960 3542 Democriti
986 3483 1138 3542 enuntiato
1162 3498 1240 3540 com·

72 3581 190 3660 probat,
219 3581 270 3657 qui
296 3579 438 3639 docuerat
461 3579 571 3639 bonum
596 3579 745 3641 hominem
770 3574 814 3652 ‘di
838 3573 957 3640 ἑαυτοῦ
981 3574 1161 3658 λαμβάνειν
1183 3575 1241 3650 τάς

71 3672 206 3758 τέρψιας
230 3671 445 3754 ἐθιζόμενον’.
484 3677 666 3737 Contrariam
686 3678 843 3737 Abderitae
868 3679 1053 3757 sententiam,
1076 3676 1240 3736 secundum

73 3794 161 3855 quam
191 3773 278 3833 bomo
308 3775 395 3833 etiam
423 3775 498 3834 mala
526 3775 653 3853 plurima
682 3794 717 3835 ex
746 3793 778 3836 se
806 3777 871 3853 ipso
899 3775 990 3853 capit,
1022 3773 1098 3834 Plut.
1127 3772 1240 3851 pro'lert

71 3871 220 3933 ‘dulmine
240 3889 277 3938 an
296 3867 441 3949 corporis'
465 3891 490 3932 c.
511 3870 539 3933 2.

161 3969 229 4048 Cap.
251 3966 290 4030 11
307 3970 370 4029 init.
398 3971 507 4030 iterum
539 3972 617 4031 inter
650 3989 681 4032 se
711 3977 902 4050 opponuntur
930 3970 1063 4047 corporis
1092 3976 1123 4028 et
1150 3970 1241 4028 animi

72 4069 169 4129 morbi
188 4068 289 4127 cadem
310 4067 371 4126 lere
390 4069 504 4128 ratione
524 4086 599 4146 quae
618 4087 653 4128 ex
669 4068 686 4128 l.
701 4063 849 4127 ‘Animine
865 4086 901 4127 an
916 4060 1062 4145 corporis'
1077 4064 1135 4128 c.3
1154 4066 1239 4126 nobis

72 4167 210 4227 innotuit.
260 4165 293 4223 ln
326 4172 453 4243 utroque
487 4167 565 4226 eninr
598 4165 673 4225 libro
702 4165 917 4226 Cltaeronensis
947 4165 1012 4242 pari
1039 4163 1125 4222 modo
1154 4146 1262 4222 docet'

68 4263 161 4321 multo
174 4263 303 4322 leviores
317 4263 505 4346 minorisque
520 4265 670 4327 momenti
682 4283 776 4346 quam
788 4264 887 4324 ammi
897 4279 968 4322 esse
981 4253 1280 4332 consummes„

57 4376 125 4415 cum
146 4376 251 4417 eorum
272 4378 399 4423 sensum
421 4364 559 4447 aliquem
578 4366 767 4448 babeamus,
783 4374 825 4426 ut
837 4359 1006 4423 medicum
1018 4349 1324 4410 έκεοσκεοεεφκκῆ
