2754 4656
591 244 832 362 ...ios-

125 477 199 538 Plut.
224 478 258 537 ad
284 480 390 557 capitis
413 478 425 538 1
454 479 581 539 indolem
606 479 697 558 redit,
724 478 841 538 easdem
867 481 1062 556 cogitationes
1086 494 1159 556 quas
1183 474 1227 535 ibi
1252 473 1302 533 de·

125 575 284 637 lineaverat
313 578 408 636 lusius
436 580 626 656 continuam,
656 595 722 637 cum
752 575 850 635 denuo
874 576 1057 636 demonstrat
1081 572 1120 634 τὰ
1144 569 1240 652 παθη
1265 590 1301 631 ex

126 677 190 753 ipso
220 677 316 734 animo
345 682 448 734 nostro
474 676 555 734 oriri.
602 674 723 734 Accedit
751 673 828 733 aliud
854 683 1073 753 argumentum:
1102 676 1132 732 in
1157 672 1257 749 capite
1284 668 1296 727 l

126 791 235 851 corpus
263 775 387 852 eiusque
412 772 507 833 morbi
531 775 628 832 animo
653 774 775 849 eiusque
799 771 1074 849 perturbationibus
1098 776 1305 850 opponuntur,

127 870 264 948 idemque
288 871 321 931 lit
344 873 374 930 in
399 873 494 949 eapite
513 868 533 930 2
553 870 570 930 l.
586 870 603 929 l.
627 904 669 912 -
693 869 774 940 Quae
799 888 866 929 crim
886 873 925 929 ita
945 873 1013 950 sint,
1038 870 1134 929 lacere
1153 885 1213 927 non
1235 885 1304 945 pos-

127 987 230 1028 sumus
255 970 325 1045 quin
350 976 514 1028 statuamus
532 968 724 1029 Plutarchum
749 970 924 1028 sententiam
946 967 1023 1027 illam
1045 967 1079 1028 ad
1100 967 1190 1026 animi
1209 963 1305 1024 facili-

128 1074 216 1125 tatem
245 1074 426 1143 spectantem
456 1068 618 1126 inseruisse
647 1065 909 1126 deliberationibus
939 1065 1023 1144 plane
1052 1065 1130 1146 aliis,
1158 1081 1235 1141 quae
1266 1061 1304 1120 ad

127 1162 324 1222 bumanorum
349 1164 492 1223 malorum
517 1183 621 1224 causas
644 1163 857 1242 intellegendas
881 1166 1040 1242 pertinent.

216 1260 276 1320 lam
300 1265 433 1341 exponit,
460 1263 619 1323 Democriti
644 1265 765 1340 vestigia
790 1280 942 1342 premens,
971 1264 1101 1320 animum
1126 1277 1191 1318 esse
1216 1260 1305 1336 quasi

128 1360 274 1418 aerarium
303 1359 458 1438 permultis
488 1362 571 1421 malis
600 1362 742 1421 relectum
772 1379 846 1439 quae
876 1378 935 1419 non
963 1359 1080 1419 aliunde
1109 1360 1140 1416 in
1164 1375 1234 1415 eum
1260 1357 1306 1414 iu-

121 1457 220 1517 -lluant
253 1458 302 1516 sed
333 1477 368 1517 ex
397 1461 462 1537 ipso
493 1462 561 1518 vitio
590 1467 691 1519 nostro
721 1468 895 1538 nascantur,
929 1475 996 1516 cum
1025 1455 1110 1515 dicit:
1142 1449 1194 1526 ‘dg
1223 1446 1307 1535 (scil.

130 1554 273 1614 malorum
302 1549 414 1637 sontes)
442 1552 575 1636 ἀνίησιν
597 1553 617 1636 ἡ
642 1553 758 1636 κακία,
789 1576 841 1617 οοο
867 1556 951 1615 aliam
977 1554 1151 1613 sententiam
1177 1551 1309 1630 amplec-

129 1655 202 1713 titur
229 1672 253 1712 ο.
277 1653 371 1714 ltin:
401 1651 509 1714 ‘auxta
533 1702 539 1714 .
560 1700 567 1714 .
591 1649 666 1734 περὶ
694 1651 805 1734 ψυχὴν
833 1653 932 1733 ἔργον
962 1645 1029 1712 ἐστὶ
1056 1657 1205 1729 πρῶτον,
1234 1639 1309 1709 εἶτα

128 1746 237 1821 πάθος
266 1747 386 1831 aduae?
410 1787 453 1794 -
478 1753 515 1813 Ut
545 1763 677 1812 nostrum
705 1755 830 1812 maxime
855 1754 984 1810 animum
1009 1751 1201 1827 inspiciamus
1226 1745 1308 1827 Plut.

129 1850 274 1928 praecipit
297 1844 350 1908 ‘tte
370 1850 518 1929 tranquill.
539 1845 595 1908 au.'
616 1848 649 1928 8,
669 1847 763 1928 aaa,
785 1846 834 1929 14,
856 1845 910 1927 153
937 1845 990 1906 ‘lle
1011 1841 1111 1907 exilio'
1131 1843 1160 1924 2,
1180 1842 1209 1924 3,
1229 1841 1253 1903 4
1279 1852 1311 1903 et

130 1965 200 2025 prae
230 1949 338 2006 ceteris
368 1944 419 2007 ‘De
442 1948 589 2026 tranquill.
610 1943 667 2007 au.’
693 1944 731 2006 10
746 1948 825 2026 init,
853 1946 904 2005 ubi
934 1945 1071 2023 legimus:
1099 1937 1194 2021 ‘pe'ya
1222 1940 1311 2020 πρὸς

131 2039 296 2123 εὐθυμίαν
324 2040 406 2124 ἐστί,
434 2043 471 2106 τὸ
501 2041 640 2122 μάλιστα
670 2091 702 2104 ..
732 2040 853 2105 αὑτὸν
882 2037 1136 2118 ἐπισκοαεϊν’,
1165 2038 1310 2117 idemque

131 2137 188 2200 ‘De
209 2143 272 2200 virt.
294 2149 323 2200 et
343 2137 445 2203 vit'l
481 2142 622 2220 postulat,
656 2142 706 2202 nbi
741 2137 788 2200 ‘ab
822 2133 919 2220 quog’
952 2135 1085 2220 ‘acqu'
1112 2147 1311 2215 nuncupatur

131 2237 231 2297 eadem
264 2240 377 2297 ratione
406 2247 493 2317 atque
523 2239 587 2299 loco
616 2258 704 2317 quem
734 2248 895 2300 tractamus
923 2234 1098 2322 (ἐγγείους
1122 2284 1127 2294 .
1148 2280 1155 2294 .
1180 2232 1312 2314 πηγὰς

132 2328 311 2418 ἐχόντων’).
340 2371 382 2378 -
411 2333 594 2419 ‘Taptetov'
622 2338 656 2397 ad
682 2341 811 2398 animum
836 2355 1012 2398 conversum
1037 2334 1114 2394 redit
1137 2335 1225 2392 etiam
1253 2329 1309 2391 ‘lle

131 2432 281 2511 tranquill.
300 2431 357 2495 an?
379 2434 420 2496 14
435 2438 497 2496 init.

221 2531 325 2592 Omnia
359 2534 431 2593 mala
462 2553 495 2594 ex
525 2535 605 2598 vitiis
632 2534 785 2593 bominum
815 2533 937 2592 ellluere
965 2530 1182 2591 Chaeronensis
1211 2531 1308 2588 certis

135 2629 233 2690 verbis
257 2630 410 2691 contendit
434 2632 588 2710 fusiusque
613 2631 786 2709 comprobat
805 2628 857 2691 ‘lle
878 2633 942 2690 virt.
963 2638 992 2689 et
1010 2625 1072 2690 vit’
1097 2649 1120 2688 c.
1137 2626 1166 2709 2,
1191 2646 1249 2704 qua
1272 2627 1310 2686 de

133 2746 165 2787 re
189 2729 247 2787 iam
271 2746 360 2805 supra
380 2729 469 2788 verba
490 2730 622 2790 lecimus.
660 2729 815 2789 Praeterea
837 2729 973 2788 conterre
993 2727 1061 2787 licet
1080 2723 1133 2785 ‘lle
1153 2724 1311 2804 tranquill.

134 2820 191 2885 au.'
213 2822 252 2885 11
268 2827 346 2906 init,
370 2826 419 2885 ubi
444 2817 519 2886 Plut.
544 2828 702 2904 praecipit:
727 2821 853 2898 ‘loebe
876 2820 977 2904 ye‘vov
1001 2819 1164 2901 (‘Animine
1184 2841 1221 2882 an
1243 2841 1311 2882 cor-

133 2917 241 3001 poris’:
273 2917 326 2982 ‘dv
359 2916 395 2984 db
428 2922 551 2984 σαυτὸν
584 2920 753 2984 ἔνδοθεν
783 2920 916 3004 ἀνοίξῃς
940 2969 947 2983 .
967 2919 1001 3003 3)
1030 2915 1084 2982 καὶ
1112 2918 1249 2993 κατόψει
1275 2967 1312 2982 ..

134 3017 280 3092 πολλὰς
304 3015 420 3100 ἀηδίας
444 3017 583 3094 ἐνούσας
607 3017 731 3092 αὐτοῖς’
750 3017 911 3099 (Ἃοίιοίοο
931 3041 966 3081 an
987 3014 1147 3098 corporis':
1171 3013 1313 3079 ‘ocolu-

134 3111 240 3191 naute
263 3125 372 3179 κακῶν
395 3127 543 3200 ταμιεῖον
567 3113 752 3201 adqqaag’),
778 3121 820 3178 uti
843 3121 952 3179 iterum
979 3118 1032 3178 tibi
1051 3116 1232 3196 persuadeas
1255 3116 1312 3175 bos

135 3216 210 3276 duos
234 3216 326 3276 libros
349 3217 507 3278 admodum
530 3220 609 3277 inter
633 3235 664 3276 se
689 3217 792 3276 allines
816 3235 889 3299 esse.
933 3216 982 3275 Sic
1006 3224 1107 3275 noster
1129 3216 1159 3273 in
1179 3224 1312 3291 utraque
1349 3244 1352 3250 ·

135 3316 382 3374 commentatione
407 3316 543 3376 concedit
567 3334 632 3374 esse
657 3314 796 3373 nonnulla
822 3314 893 3373 mala
921 3316 1044 3373 minoris
1069 3313 1211 3372 momenti
1231 3330 1312 3388 qnae

136 3421 241 3471 natura
265 3411 351 3470 nobis
376 3414 484 3491 mittat3
514 3413 550 3472 cl.
574 3409 722 3471 ‘dulmine
742 3428 778 3470 an
799 3407 944 3488 corporis'
967 3408 998 3471 l:
1025 3405 1137 3480 ‘vonna
1160 3399 1221 3486 μὲν
1243 3404 1312 3485 γὰρ

138 3503 174 3568 ἐν
203 3505 327 3587 σώματι
355 3505 474 3589 φύεται
503 3507 558 3570 διὰ
586 3503 740 3588 φύσιν’;
768 3526 793 3567 ο.
813 3504 846 3567 2:
872 3504 920 3568 ‘eb
945 3514 1038 3586 σῶμα
1060 3503 1230 3583 νοσήματα
1255 3497 1314 3563 καλ

136 3603 228 3684 πάθη
253 3603 369 3683 φύσει
393 3601 421 3667 τ’
444 3603 588 3687 ἀνίησιν
614 3633 655 3654 ==
679 3600 732 3664 ‘De
754 3604 901 3682 tranquill.
917 3601 974 3664 au.'
992 3602 1030 3664 11
1048 3604 1126 3662 init:
1150 3597 1248 3661 ‘noto
1273 3599 1313 3661 τὸ

138 3700 301 3783 δύσζηλον
328 3700 348 3783 ἡ
374 3703 493 3785 φύσις
517 3705 636 3784 ἔχουσα
659 3696 772 3763 καὶτὸ
797 3697 992 3778 βᾶσκανον’;
1022 3720 1045 3761 c.
1068 3698 1200 3761 illuit:
1229 3692 1314 3756 ‘cmv

137 3795 332 3879 ἀβουλήτων
360 3799 399 3862 τὰ
427 3795 487 3882 μὲν
516 3799 633 3881 φύσει
661 3799 698 3861 τὸ
726 3800 854 3860 λυποῦν
882 3792 937 3858 καὶ
964 3797 1113 3877 βαρῦνον
1136 3789 1312 3872 enipeum?

226 3898 285 3959 lsta
309 3909 472 3960 commenta
496 3903 527 3959 iu
551 3900 648 3959 libello
673 3900 708 3958 de
734 3916 792 3976 quo
816 3899 930 3975 agimus
949 3897 1138 3972 excipiuntur
1158 3910 1313 3969 compara-

138 3999 218 4056 tione
245 3996 294 4057 illa
317 3996 403 4057 nobis
427 3999 483 4056 iam
509 4000 579 4056 satis
603 4004 671 4055 nota
695 3998 774 4055 inter
797 3995 931 4072 corporis
955 4001 985 4052 et
1009 3992 1097 4051 animi
1121 3989 1241 4050 morbos
1268 3992 1313 4050 in·

139 4097 251 4175 stillata,
275 4113 349 4172 quos
373 4113 405 4154 ea
429 4113 499 4173 prae
523 4096 631 4155 ceteris
655 4097 684 4152 in
709 4111 741 4152 re
760 4094 839 4152 inter
858 4108 889 4149 sc
909 4088 1028 4147 dillerre
1047 4088 1209 4165 accipimus
1229 4089 1313 4166 quod

131 4190 203 4249 Illos
224 4193 345 4267 quidem
369 4193 461 4252 certis
483 4192 602 4254 indiciis
626 4192 810 4272 praesentire
835 4197 866 4248 et
887 4204 1068 4264 cognoscere
1092 4187 1255 4263 possimus,
1282 4186 1315 4246 hi

116 4299 186 4339 vero
207 4303 269 4343 nos
292 4289 425 4371 frigiam,
453 4300 485 4353 ut
509 4292 609 4354 multo
634 4293 760 4373 gravius
783 4285 958 4370 periculum
978 4282 1070 4343 nobis
1092 4281 1233 4353 aberant,
1253 4297 1330 4354 ‹apo-

86 4373 175 4430 niam
206 4377 304 4441 honio
340 4388 448 4449 animo
483 4400 655 4473 aegrotans
689 4387 770 4454 ‘obn
800 4390 872 4473 ἔχει
899 4383 1039 4468 κρίσιν,
1070 4373 1106 4436 ὲν
1137 4362 1189 4442 οἷς
1215 4367 1357 4446 adflatis
