2754 4656
548 242 768 316 -'53-

71 432 129 493 sibi
153 434 351 513 proposuerit,
376 451 434 492 nou
458 440 517 493 tam
541 433 683 493 historica
707 433 773 514 fide,
796 441 963 512 temporum
984 435 1087 495 ordine
1108 444 1245 496 accurate

69 540 200 612 servato,
224 549 273 591 res
296 542 394 609 gestas
418 548 558 590 enarrare
582 548 670 609 quam
693 531 782 591 dictis
805 539 835 591 et
858 530 1020 591 historiolis
1044 532 1150 593 affictis
1175 552 1244 593 saue

68 631 196 689 maxima
225 647 261 688 ex
289 636 386 710 parte,
414 636 444 689 at
467 627 605 689 dilucidis
628 635 658 688 et
682 628 932 709 significantibus,
959 628 1095 708 homines
1119 631 1244 691 edocere

69 726 210 807 voluerit,
234 723 381 805 quomodo
405 728 516 806 optime
540 745 623 786 suam
649 729 735 787 vitam
759 733 882 806 possent
905 728 1071 788 instituere.

159 824 240 895 Quae
269 826 366 884 omnia
397 823 448 885 uhi
471 833 702 903 perspexerunt,
729 823 865 884 homines
889 824 968 885 docti
992 825 1147 886 desierunt
1169 828 1243 888 vitas

68 920 261 982 Plutarcheas
285 939 377 1000 paene
402 940 505 982 omncs
523 924 626 1000 paucis
646 922 819 983 auctoribus
839 924 999 1004 assignare,
1024 942 1098 1002 quos
1117 923 1244 984 Chaero-

68 1022 171 1080 ueusis
199 1018 234 1079 ad
262 1018 386 1080 verbum
415 1020 477 1079 lere
507 1017 651 1097 expilarit.
679 1053 723 1062 —-
751 1020 789 1080 At
818 1038 995 1099 quamquam
1023 1023 1081 1086 iam
1106 1032 1242 1083 constare

68 1117 187 1178 videtur
210 1116 291 1177 hunc
314 1115 524 1196 philosophum
548 1135 638 1196 opera
663 1136 715 1177 sua
740 1120 811 1177 satis
831 1117 924 1178 libere
944 1121 1157 1200 composuisse,
1181 1120 1243 1183 lou·

69 1215 149 1275 tibus
174 1214 305 1294 undique
329 1217 478 1293 congestis
502 1214 538 1274 ad
558 1233 706 1294 suumque
726 1215 881 1276 arbitrium
902 1218 1075 1276 examinatis
1095 1224 1124 1277 et
1144 1216 1241 1277 distri-

65 1313 158 1395 butio,
180 1322 278 1373 tamen
303 1315 474 1392 nuperrime
499 1311 534 1372 ad
560 1314 670 1392 scripta
695 1315 759 1372 eius
785 1313 904 1374 moralia
928 1315 1151 1392 interpretanda
1174 1333 1241 1374 ean·

66 1411 149 1492 dem,
168 1413 313 1471 rationem
345 1413 481 1489 viamque
509 1412 642 1471 inierunt
671 1413 804 1490 quaein
834 1413 901 1471 vitis
929 1411 1141 1490 percensendis
1169 1415 1242 1492 quin'

66 1526 192 1587 prorsus
215 1508 365 1568 reicienda
390 1510 429 1569 sit
452 1526 539 1567 nemo
563 1506 672 1590 adhue,
696 1511 728 1568 ni
751 1508 849 1591 fallor,
873 1508 1009 1569 dubitare
1033 1519 1166 1570 conatur.

156 1606 299 1667 Nituntur
322 1606 354 1665 hi
376 1606 512 1666 homines
536 1605 616 1666 ducti
639 1608 765 1666 maxime
786 1625 846 1667 uno
866 1610 1122 1667 commentationis
1143 1602 1241 1688 Ἥερὶ

64 1699 240 1784 εὐθυμίας’
274 1703 338 1764 loco
369 1721 457 1782 quem
486 1703 563 1763 inira
591 1703 797 1783 tractabimus,
831 1701 883 1764 ubi
910 1704 987 1765 Plut.
1013 1707 1157 1765 certiores
1185 1724 1240 1766 nos

64 1803 137 1863 facit
169 1819 200 1861 se
233 1804 263 1861 iu
291 1801 390 1862 Paccii
418 1803 505 1862 amici
532 1819 619 1861 usum
647 1802 687 1861 nil
717 1804 774 1862 nisi
803 1803 1031 1861 commentarios
1060 1820 1134 1880 quos
1162 1803 1238 1862 lorte

64 1902 95 1959 in
130 1898 266 1959 manibus
298 1897 425 1958 habebat
456 1900 659 1979 contexuisse3
692 1917 747 1959 nec
781 1916 850 1958 vero
883 1899 961 1958 idem
989 1901 1020 1959 in
1048 1901 1145 1959 omnia
1174 1902 1238 1964 eius

64 1999 176 2076 scripta
201 1997 286 2076 cadit,
314 1998 357 2057 uti
381 2014 435 2056 nec
460 1996 710 2077 Schmertoschio,
735 1996 931 2077 lluemmleru,
954 1995 1076 2056 Heinzio
1100 2000 1237 2058 assentiri

22 2115 25 2120 ’
64 2097 177 2173 possim
202 2093 419 2156 conicientibus
437 2092 630 2154 Plutarchum
653 2112 789 2173 magnam
814 2093 957 2154 librorum
981 2112 1103 2155 suorum
1124 2105 1237 2173 partem

64 2194 127 2253 fere
157 2192 193 2252 ad
220 2192 344 2253 verbum
373 2192 593 2270 deprompsisse
622 2211 658 2251 ex
682 2191 858 2252 Xenocratis
882 2191 1070 2253 Chalcedonii
1096 2193 1237 2272 operibus

63 2309 120 2351 nec
144 2290 241 2350 lacere
266 2291 377 2369 possim
401 2308 469 2350 curn
488 2287 682 2371 Wendlando,
706 2289 903 2370 Duemmlero,
923 2289 1087 2372 Giesechio,
1106 2291 1237 2372 Heinzio,

62 2387 189 2468 Hensio,
222 2385 350 2447 Henrico
379 2386 488 2447 Weber
521 2405 648 2466 quorum
682 2406 718 2447 ex
751 2390 896 2448 sententia
926 2386 1142 2451 Chaeronensis
1174 2391 1236 2449 lere

63 2495 146 2547 totus
171 2485 281 2563 pendet
304 2503 319 2544 a
344 2483 527 2563 philosophis
550 2484 608 2544 illis
633 2486 684 2562 qui
708 2484 877 2545 Stoicorum
902 2485 1066 2545 doctrinam
1090 2504 1158 2546 cum
1184 2487 1235 2566 Cy-

63 2586 139 2645 nicis
164 2584 338 2643 commentis
358 2581 522 2642 mirabilem
542 2584 573 2641 in
592 2582 713 2642 modum
733 2585 994 2642 commiscuerunt.
1031 2581 1062 2642 ld
1082 2602 1140 2644 non
1161 2603 1236 2662 nego

52 2689 199 2742 *nostrum
232 2682 448 2760 cynicostoicae
481 2698 569 2759 quam
602 2689 706 2740 uocant
734 2687 831 2740 sectae
858 2678 907 2740 illa
936 2688 1030 2740 aetate
1058 2700 1112 2760 per
1140 2690 1235 2743 totum

61 2780 222 2858 imperium
242 2776 406 2838 Romanum
425 2777 544 2837 llorenti
562 2781 626 2856 pari
646 2777 733 2837 modo
753 2788 841 2857 atque
858 2776 1036 2858 Musonium,
1056 2778 1234 2862 Epictetum,

59 2878 187 2941 ,Dionem
225 2874 382 2935 admodum
420 2876 511 2936 luisse
550 2875 713 2956 addictum3
751 2884 780 2935 at
818 2877 951 2954 quamvis
989 2878 1170 2956 quicumque
1204 2882 1234 2938 in

62 2973 195 3054 qualibet
227 2974 350 3033 scientia
383 2973 494 3052 aliquid
528 2972 667 3050 expedire
697 2972 812 3032 volebat
844 2975 874 3032 in
904 2972 994 3033 altera
1023 2974 1134 3035 saeculi
1163 2975 1234 3036 duo·

62 3072 172 3132 decimi
194 3080 277 3151 parte
303 3068 415 3151 llantii,
438 3072 468 3129 in
493 3072 587 3149 prima
611 3069 700 3130 huius
723 3068 835 3130 saeculi
857 3080 940 3149 parte
964 3070 1079 3149 Hegelii
1102 3075 1234 3151 vestigiis

61 3171 216 3248 ingressus
240 3170 287 3241 sit,
310 3186 381 3227 uum
406 3167 587 3227 contendere
611 3166 785 3227 audebimus
809 3186 912 3227 omnes
935 3167 990 3228 hos
1014 3178 1150 3230 auctores
1170 3170 1232 3231 illo·

62 3285 129 3327 rnm
163 3265 290 3327 duorum
318 3265 521 3344 philosophiae
551 3264 659 3325 ducum
688 3274 739 3325 aut
767 3282 870 3344 eorum
899 3265 1112 3345 discipulorum
1141 3267 1233 3329 libros

44 3350 156 3444 ‘paene
185 3363 219 3423 ad
249 3362 372 3423 verbum
397 3365 428 3422 in
453 3381 521 3423 suas
546 3363 770 3422 dissertationes
794 3361 995 3444 transtulisse,
1019 3366 1133 3443 quippo
1158 3385 1233 3445 quae

62 3469 195 3523 scateant
226 3460 326 3521 Kantii
359 3460 509 3539 Hegeliive
543 3457 698 3520 doctrina?
749 3459 870 3520 Accedit
902 3459 980 3538 quud
1013 3460 1089 3522 Plut.
1124 3463 1232 3524 Stoicis

61 3559 240 3640 Cynicisque
254 3560 376 3619 minime
391 3557 513 3633 larebat,
532 3576 710 3638 quamquam
725 3576 829 3618 eorum
844 3559 1119 3621 ratiocinationibus
1134 3562 1231 3641 aliquo

60 3658 148 3719 modo
178 3655 310 3716 imbutus
339 3664 415 3737 erat3
443 3658 533 3715 immo
561 3657 592 3715 in
616 3657 788 3716 uuiversum
813 3674 881 3715 eum
905 3656 1148 3718 Academicorum
1172 3679 1231 3719 non

60 3755 157 3816 solum
181 3762 314 3813 veterum
339 3754 390 3814 sed
415 3755 503 3813 etiam
527 3754 693 3813 recentium
717 3752 855 3812 familiam
876 3760 1011 3814 secutum
1032 3772 1096 3815 esse
1117 3764 1147 3816 et
1165 3775 1229 3834 per·

59 3852 152 3913 multa
176 3850 291 3911 Platoni
315 3850 423 3910 dehere
447 3849 493 3910 vel
516 3853 629 3911 tirones
653 3849 812 3910 clamitant.

148 3948 306 4009 Praeterea
329 3947 522 4009 Plutarchum
545 3966 605 4008 non
629 3956 743 4008 tantum
766 3947 957 4026 philosophos
981 3951 1163 4010 recentiores
1188 3985 1229 3994 -

59 4047 252 4108 Academicos
267 4045 341 4126 dico,
356 4045 577 4126 Peripateticos,
592 4046 726 4126 Cynicos
742 4046 867 4126 Stoicos,
878 4045 1041 4124 Epicureos
1056 4080 1098 4088 —
1114 4066 1229 4108 summo

59 4143 354 4221 studio-amplexum
382 4161 447 4203 esse
476 4144 528 4203 sed
556 4147 643 4204 etiam
673 4144 861 4204 descendisse
890 4143 925 4203 ad
953 4162 1080 4222 graecae
1102 4144 1228 4222 philoso-

59 4242 145 4321 phiae
183 4241 344 4320 primordia
381 4249 573 4320 veterumque
610 4241 854 4321 philosophorum
887 4243 1010 4321 scripta,
1053 4242 1148 4320 quoad
1181 4243 1230 4303 illa

57 4346 154 4405 aetate
192 4346 307 4400 serrata
344 4347 441 4420 erant,
478 4339 703 4420 diligentissime
740 4347 937 4419 pertractasse
975 4357 1030 4402 uec
1068 4341 1158 4399 irnice
1194 4359 1237 4398 es.
